2770 4814
561 757 774 830 *⁸⁸—

248 947 474 1035 oomposilem‚
518 954 624 1012 tamen
667 941 824 1012 eiusmodi
868 959 957 1017 osso,
1002 959 1085 1028 quoe

249 1062 370 1130 Romae
392 1061 481 1128 nullo
504 1074 598 1151 poeto
621 1061 733 1130 huleri
754 1061 927 1150 potueriu“
948 1059 1021 1137 ¹⁰¹)
1094 1127 1098 1136 ,

331 1294 382 1362 Vl.
404 1294 452 1362 lle
474 1294 525 1362 his
548 1295 713 1362 sententiis
735 1293 815 1362 sotis
838 1290 1082 1375 ouriosoinqui-

247 1413 322 1492 sivi,
357 1431 480 1500 eosque
509 1430 595 1480 nnnc
624 1431 685 1478 suo
719 1410 831 1478 ordine
866 1404 1083 1497 percensebm
1112 1479 1116 1486 ,

247 1548 287 1594 eo
316 1539 422 1595 lamen
450 1527 586 1594 consilio
615 1538 650 1595 ul
675 1529 782 1616 polius
810 1545 878 1594 rem
907 1527 1019 1612 ipsum,
1043 1523 1082 1589 do

249 1661 314 1728 qua
343 1644 466 1726 agitur,
498 1662 592 1730 quam
620 1643 765 1730 singulas
793 1645 984 1731 scriptorum
1014 1640 1083 1730 opi-

248 1758 362 1826 niones
385 1760 655 1841 examinem.¹⁰²)

332 1988 470 2056 Primum
486 1990 612 2078 quidem
627 2011 739 2059 verum
753 2001 820 2070 ool,
834 1989 989 2079 Lepidum
1004 2006 1082 2054 con-

247 2104 321 2172 silio
347 2125 408 2174 sna
434 2127 500 2175 non
530 2110 616 2176 omni
644 2129 685 2174 es
712 2118 803 2197 porte
825 2109 969 2195 operire:
1000 2114 1082 2172 atta-

247 2241 321 2288 men
341 2222 490 2291 hostilem
514 2226 552 2289 in
574 2223 698 2292 Sullam
721 2226 859 2290 animum
879 2224 960 2290 salis
982 2222 1083 2290 muni·

336 2629 409 2711 ¹⁰¹)
430 2635 605 2692 Bnossius
626 2635 645 2691 l.
668 2652 694 2692 e.
715 2637 782 2693 hoec
803 2634 925 2708 proienl:
958 2635 1023 2702 „On
1045 2635 1081 2691 di-

248 2752 277 2790 ro
304 2735 437 2806 penlelre,
459 2733 518 2806 'que
550 2741 620 2788 nelle
647 2734 725 2806 piloe
746 2740 787 2788 est
808 2741 948 2806 perennent
969 2734 1002 2788 de
1024 2733 1082 2788 l’in·

247 2830 355 2886 vention
384 2830 417 2886 de
438 2828 570 2886 Salluste:
592 2859 636 2872 --
657 2845 689 2887 ee
717 2845 769 2903 qne
793 2829 822 2902 je
843 2828 916 2886 crois
937 2829 1084 2887 volonliens

247 2931 296 2987 de'
310 2935 379 2986 nette
407 2929 500 3002 piene,
527 2945 583 2986 non
604 2930 637 2987 (le
658 2929 797 3004 beaucoup
819 2930 951 2988 d'untres:
974 2959 1017 2972 -
1039 2944 1086 2986 oon

245 3030 299 3114 elle
320 3029 413 3088 n’etait
434 3047 481 3103 pus
503 3029 565 3087 luite
586 3047 657 3103 pour
678 3032 737 3088 elne
758 3031 859 3088 nenduo
884 3029 1020 3102 publiqne.
1041 3061 1085 3072 --

246 3132 465 3189 Drnmsnnus
496 3129 679 3188 lenonem
707 3129 802 3188 habel:
845 3129 969 3197 „Sallust
990 3130 1083 3188 leiht

247 3229 302 3284 ihm
322 3229 388 3285 aber
408 3245 473 3286 nur
493 3231 536 3286 die
549 3231 645 3287 Wome
666 3231 721 3288 und
742 3229 799 3302 gibt
819 3230 846 3286 in
867 3231 916 3286 den
934 3230 1001 3286 'llnot
1021 3248 1084 3290 nun

248 3328 327 3384 eine
354 3327 565 3402 Umsehneibung
599 3330 689 3386 seiner
707 3334 808 3402 sputos
834 3328 1004 3402 beuntnoglon
1034 3331 1081 3387 Ge-

247 3429 358 3486 selze.“
401 3427 441 3484 Ad
463 3429 572 3486 eundem
601 3429 756 3486 sententiam
777 3428 917 3488 inclinent:
947 3429 1080 3492 Roiiins

247 3535 274 3585 sl
296 3525 505 3586 Gerlaolnius
527 3545 608 3602 supra
629 3529 710 3586 oiloli.

336 3623 409 3701 ¹⁰²)
433 3628 502 3698 Quid
523 3645 564 3686 ex.
587 3646 629 3702 gn.
644 3629 873 3686 lirumonnum
894 3627 1021 3695 refellam,
1036 3629 1081 3702 quui

247 3728 274 3784 in
301 3728 363 3786 hue
392 3729 513 3788 oratioue
540 3729 666 3804 privatum
694 3745 802 3806 qnoque
824 3728 913 3788 Sullae
940 3728 1018 3784 vitum
1044 3735 1081 3786 ta·

248 3827 303 3884 xuni
324 3826 433 3900 puleii!
699 3841 703 3850 ’
