2770 4814
598 697 807 768 „13-

283 901 383 969 penes
400 890 523 960 'urum
554 882 692 970 denique
719 887 808 952 neeis
838 889 952 956 ciuium
981 902 1012 958 et
1040 895 1125 958 vitae

284 999 420 1066 liuentia
440 1001 493 1082 ⁴³)
530 999 632 1066 Simul
659 1001 814 1068 humanas
843 1003 968 1072 hostias
1001 1009 1126 1076 uidistis

284 1125 315 1182 et
337 1115 488 1202 sepulcra
508 1117 628 1184 intaeta
649 1121 807 1203 sauguine
831 1121 923 1187 ciuili.
950 1125 1002 1206 ⁴⁴)
1025 1126 1124 1192 Estne

284 1235 361 1298 uiris
384 1232 499 1318 reliqui
522 1233 733 1321 allaturam
756 1235 883 1304 soluere
905 1241 1052 1306 iniuriam
1071 1245 1124 1323 ⁴⁵)

283 1361 338 1420 aut
379 1352 460 1417 muri
503 1371 561 1439 per
598 1355 770 1432 virtutem?
807 1330 957 1440 uueuiam
999 1359 1124 1445 quidem

283 1487 380 1538 uuum
401 1467 551 1536 omuibus
572 1468 665 1536 iren
687 1479 804 1538 natura
819 1471 872 1538 vel
892 1472 980 1540 ierru
1005 1478 1125 1564 saeptis

283 1584 385 1663 dedit,
407 1605 513 1672 neque
530 1585 699 1672 quisquam
714 1597 887 1658 extremam
902 1595 1127 1659 necessitatem

282 1702 360 1769 nihil
395 1722 496 1769 ausus
522 1703 587 1768 nisi
615 1702 762 1770 muliebri
790 1708 920 1792 iugenio
953 1721 1126 1797 exspectat.
1244 1713 1245 1722 ’

285 1819 352 1904 §.5.
389 1819 508 1884 Verum
530 1838 592 1904 ego
616 1819 801 1899 seditiosus,
824 1834 858 1888 ut
880 1823 973 1890 Sulla
995 1829 1049 1903 ait,
1073 1829 1127 1911 qui

283 1936 428 2024 praemia
463 1933 630 2024 turbarunt
659 1954 780 2020 queror
813 1947 845 2002 et
874 1937 951 2004 belli
982 1944 1127 2026 cupiens,

283 2054 338 2138 qui
358 2052 432 2117 iura
453 2052 543 2139 pacis
565 2061 685 2140 repeto.
715 2049 855 2128 Scilicet,
878 2056 1041 2138 quianon
1064 2055 1123 2118 ali-

283 2179 333 2235 ter
355 2168 437 2236 salvi
460 2169 602 2254 satisque
625 2171 682 2234 tuti
703 2170 735 2234 iu
763 2169 894 2256 imperio
925 2170 1034 2248 eritis,
1062 2173 1124 2236 nisi

283 2285 406 2354 Vettius
428 2285 543 2351 Picens
566 2295 596 2351 et
619 2283 789 2352 Cornelius
812 2287 921 2353 scriba
938 2289 992 2372 ⁴⁶)
1020 2287 1126 2354 aliena

1089 2513 1123 2520 ...-

374 2662 426 2743 ⁴³)
447 2667 562 2726 Eandem
583 2671 744 2741 potestatem
765 2665 855 2724 Sullae
881 2665 1056 2723 dictatori
1077 2667 1126 2723 tri·

285 2769 344 2828 ituit
369 2760 577 2827 Plutarchus
601 2765 647 2848 (in
669 2768 753 2838 Sulla,
775 2784 833 2842 cap.
856 2761 939 2842 33.).

372 2864 693 2941 *⁴)'M.G1atidianum,
716 2870 896 2941 praetorium,
919 2867 952 2922 aul
974 2865 1130 2939 sepulerum

284 2965 428 3038 Q.Catuli,
458 2965 617 3020 allarianis
646 2965 711 3020 olim
740 2966 825 3029 caesi,
846 2966 1007 3028 detractum,
1031 2966 1129 3035 diuque

287 3064 444 3131 cruciatum,
452 3070 483 3121 ut
504 3077 554 3136 per
576 3061 679 3134 singula
700 3061 819 3116 membra
839 3067 1001 3124 mereretur,
1018 3059 1127 3114 Catilina

287 3166 319 3222 ad
343 3173 489 3221 extremum
508 3161 620 3217 necavit.
642 3159 732 3215 hirii
754 3173 798 3231 ep.
814 3158 865 3216 88.
888 3157 1000 3213 Orosius
1027 3157 1058 3224 V,
1074 3158 1127 3216 21.

374 3257 426 3337 Ν)
448 3263 612 3334 iuterpretes
645 3258 777 3316 afferuntr
813 3255 964 3314 Phaedri
1009 3257 1052 3325 IV,
1075 3257 1128 3316 33.

289 3361 395 3421 solvere
417 3377 549 3418 errorem.
570 3360 636 3416 Lir.
657 3359 679 3428 1,
694 3357 746 3417 94.
762 3358 867 3417 soluere
886 3373 1000 3415 morem.
1030 3357 1127 3414 Ouid.

287 3465 359 3522 last.
380 3462 496 3531 V‚303.
519 3460 624 3518 soluere
645 3460 767 3517 iniuriam
787 3460 894 3534 poenis.

370 3559 427 3639 ⁴⁶)
448 3563 487 3620 lle
513 3561 602 3618 Vettio
636 3560 701 3618 nihil
735 3562 801 3617 certi
831 3565 954 3617 cunstat:
986 3555 1128 3612 Cornelius
1222 3563 1228 3574 ’

285 3665 332 3724 ille
353 3666 544 3758 Chrysogonus
565 3663 670 3720 uidetur
698 3675 775 3729 esse,
801 3660 846 3736 qui
875 3657 1002 3716 Roscium
1023 3657 1126 3713 Ameri-

287 3784 350 3826 num
372 3765 510 3862 spoliavit.¹
