2770 4814
247 921 335 988 nella
363 921 459 986 anim·
476 939 557 1004 gens
577 918 726 1006 exempla
754 917 887 983 dederat
908 917 1085 982 animorum

249 1039 438 1126 plusquam
461 1037 607 1114 civilium,
627 1037 681 1117 Π)
704 1043 903 1120 contemptus
926 1032 1033 1118 logum
1057 1045 1087 1098 et

249 1153 367 1243 populi,
387 1156 439 1235 13)
469 1153 534 1220 doli
565 1164 661 1240 atque
691 1151 904 1226 crudelitatis,
929 1151 981 1232 14)
1011 1151 1087 1237 quin

249 1272 425 1338 dictaturae
454 1283 628 1358 perpetuae
657 1267 819 1356 apopulo
842 1266 970 1334 oblatae
992 1277 1088 1353 atqua

249 1398 429 1456 recusatae.
449 1389 520 1470 ²⁴⁶)
551 1386 643 1454 Sulla
671 1385 769 1470 igitur
789 1386 895 1469 gentis
916 1384 1088 1471 populique

248 1508 326 1572 vitia
360 1480 626 1593 repraesentasse
652 1503 794 1580 videtur,
829 1500 887 1570 scd
916 1505 1026 1568 mirum
1055 1505 1088 1568 in

250 1619 379 1688 modun
414 1631 519 1688 aucta
562 1620 797 1708 Superstitiosus
837 1621 920 1685 eninr
955 1639 1090 1686 romana

251 1737 401 1818 imbutus,
429 1750 544 1818 tamen,
574 1739 690 1806 nimiae
718 1737 879 1802 felicitatis
905 1740 997 1822 quasi
1019 1739 1089 1804 iure

251 1855 362 1935 lretus,
379 1875 479 1942 seque
501 1857 571 1924 iurc
594 1853 701 1922 divino
723 1857 812 1922 iuxta
833 1863 929 1940 atque
951 1854 1089 1921 humano

249 2103 378 2110 -—-—----
810 2102 1057 2110 ——-—---—-..-.-
1085 2103 1092 2110 a

341 2267 392 2345 12)
415 2270 554 2326 Africanus
588 2271 674 2326 maior
702 2269 780 2326 animi
811 2269 871 2342 plus
901 2287 979 2343 qnam
1009 2273 1091 2327 civilis

254 2380 395 2427 accusatus
424 2377 474 2428 cst.
497 2369 638 2427 Gellius
667 2370 768 2437 lV,18.
800 2401 841 2410 ——
871 2369 985 2436 Curuios,
1008 2371 1029 2427 si
1051 2373 1089 2428 lu-

253 2471 308 2538 het,
330 2470 465 2526 Livium
486 2469 596 2536 28‚40.

342 2583 393 2663 ²³)
416 2581 532 2660 Uterque
553 2588 655 2660 Scipio,
677 2603 711 2642 ne
731 2587 848 2644 rationes
869 2585 1093 2645 belliAntiochici

255 2689 439 2752 redderentur,
467 2687 608 2742 recusavit.
638 2685 758 2743 Livius
786 2687 837 2754 38,
852 2687 903 2745 55.
931 2717 974 2726 -
1002 2688 1093 2760 Scipio

255 2787 359 2858 quidam
382 2786 445 2841 civis
467 2785 561 2841 rustici
582 2799 687 2840 manum
709 2784 835 2841 callosam
856 2801 1004 2857 prensans,
1034 2801 1095 2842 curn

256 2885 436 2957 interrogauit,
462 2899 527 2939 num
553 2882 673 2940 manibus
702 2885 742 2940 ire
770 2884 892 2942 solerett
922 2885 956 2942 ob
985 2901 1094 2960 eamque

256 2985 426 3058 petulantiam
448 2983 584 3056 repulsam
604 2984 675 3041 tulit.

343 3097 396 3178 Η)
419 3099 559 3158 Africanus
587 3100 695 3169 iraude,
726 3118 781 3158 non
801 3108 832 3158 ut
852 3102 967 3157 maiores
989 3101 1094 3169 dorric,

255 3203 393 3258 victoriam
415 3217 555 3276 quaerens,
579 3217 640 3258 cum
661 3199 818 3270 Massinissa,
842 3199 1095 3273 Carthaginiensium

258 3302 333 3356 socio
355 3302 465 3374 pepigit,
486 3312 517 3358 ut
538 3318 565 3358 rn
587 3301 644 3373 ipsa
665 3317 755 3374 pugna
773 3301 805 3358 ad
826 3302 1003 3358 setransirst.
1024 3302 1093 3358 Liv.

257 3401 370 3468 tuat.
393 3399 464 3456 ldem
485 3402 681 3476 quadringentis
702 3400 826 3473 Hispanis
847 3400 980 3458 nobilibus
1002 3417 1094 3458 manus

257 3501 383 3567 abscidit,
404 3518 484 3573 ¹quos
511 3499 675 3558 Numantinis
696 3500 784 3558 lavero
812 3501 1006 3574 suspicabatur.
1028 3504 1092 3574 dp·

257 3603 291 3673 pi
302 3618 350 3657 an.
361 3601 437 3672 llisp.
460 3602 502 3668 Vl,
511 3601 562 3660 94.

346 3712 419 3790 14η)
442 3718 539 3776 Livio
568 3719 618 3783 38,
634 3717 663 3775 5.
697 3725 723 3773 et
744 3717 885 3774 Valerio
915 3717 980 3773 Max.
1009 3717 1093 3782 tV‚t.
