2770 4814
583 657 792 728 ..ffl-

268 861 333 910 nen
355 861 548 909 mansurum.
598 844 693 925 Quod
715 844 884 912 eonsilium
908 847 936 910 ei
958 843 1104 940 probent

268 981 303 1026 se
345 960 385 1026 ad
422 959 601 1028 libertatem
633 962 887 1050 recuperandam
919 973 1104 1049 sequantur.

270 1079 320 1162 (t
343 1077 395 1161 Θ·)

356 1311 439 1393 Quid
464 1315 499 1379 in
526 1311 575 1380 bie
604 1313 757 1396 offendat,
786 1324 859 1382 ante
882 1312 995 1382 oeulos
1017 1313 1105 1399 posi-

269 1446 332 1498 tum
368 1441 426 1498 est.
470 1430 608 1501 Primum
645 1437 726 1500 enim
763 1433 910 1520 singulae
947 1433 1001 1498 res'
1032 1440 1108 1517 apta

270 1549 477 1618 cohaerentia
498 1560 618 1630 carent,
633 1553 679 1618 ita
699 1562 734 1618 ut
755 1552 869 1619 eadem
890 1549 1035 1640 pluribus
1055 1548 1107 1614 lo-

271 1670 317 1734 eis
340 1653 536 1755 repetantur.
579 1667 662 1736 Dein
689 1669 826 1758 plurima
847 1680 1036 1756 argumenta
1057 1669 1106 1731 ui-

271 1805 351 1870 gore
375 1797 470 1872 atque
493 1801 593 1852 nervo
617 1787 768 1854 destituta
790 1798 880 1866 eunt,
911 1798 1037 1876 utputa:
1068 1784 1107 1850 ti-

270 1903 424 1968 bertatem
454 1922 619 1970 romanam
648 1903 688 1970 ab
720 1908 862 1972 externis
890 1904 1022 1990 regibus
1051 1902 1107 1968 de-

237 2011 257 2040 ‘
272 2020 394 2086 sensam
423 2033 591 2095 memorat,
615 2041 686 2102 oum
715 2025 822 2111 potine
850 2033 963 2089 eontra
985 2021 1107 2088 Corne-

271 2138 346 2205 lium
376 2139 415 2206 de
446 2139 612 2226 republica
643 2161 663 2209 a
684 2141 816 2227 regibus
838 2153 869 2207 et
891 2139 1039 2228 superbis
1062 2140 1108 2204 ei-

271 2257 364 2324 vibus
393 2261 427 2324 in
455 2258 633 2326 libertatem
660 2258 823 2326 vindicata
858 2270 954 2346 atque
983 2258 1023 2325 de
1051 2259 1108 2324 tri·
1196 2239 1199 2246 ’

271 2374 403 2458 bonatu,
424 2376 581 2464 libertatis
603 2378 859 2466 propugnaculo,
882 2397 902 2444 a
925 2380 994 2444 cive
1016 2397 1111 2442 ever-

273 2513 328 2571 so,
360 2493 528 2559 dicendum
550 2503 634 2560 erat:
658 2494 704 2560 ¹(le
727 2494 788 2559 hoe
811 2504 919 2562 mrtem.
938 2493 1110 2570 tribunatu,

273 2613 367 2698 quasi
390 2611 429 2685 de
451 2630 628 2699 parvare,
654 2611 760 2678 alieno
790 2610 864 2678 loeo
892 2614 975 2678 inter
997 2610 1109 2677 milites

276 2749 381 2816 panea
403 2731 504 2797 verba
523 2730 610 2811 facit,
632 2730 710 2800 nibil
732 2749 861 2811 seuere,
890 2731 965 2798 nibil
987 2730 1112 2797 fortiter

273 2867 385 2933 agens.
412 2847 508 2916 ‘Dein
546 2869 640 2934 qoam
683 2849 796 2924 debilis
839 2860 934 2936 atque
977 2837 1113 2916 otumtts'

272 2964 352 3030 baeu
381 2965 419 3032 de
450 2965 599 3032 militibus
630 2969 874 3051 argumentatio,
903 2987 961 3033 eos
990 2967 1112 3032 scilieet

274 3082 466 3150 tribunatum
495 3102 561 3150 non
585 3095 782 3156 eversuros,
812 3085 888 3170 quia
915 3081 949 3149 in
976 3083 1111 3173 paludes

273 3201 408 3287 relegati
435 3203 517 3266 sint!
548 3203 620 3287 quis
651 3210 756 3269 autem
776 3202 959 3287 ignorabat,
982 3223 1040 3268 eos
1061 3203 1110 3269 fa-

274 3319 333 3387 cile
357 3321 505 3386 revocari
526 3339 636 3408 posse,
659 3329 692 3386 ut
715 3340 749 3386 re
771 3339 852 3388 vera
874 3320 916 3387 ad
939 3325 1110 3407 exsequias

274 3436 385 3504 Sullae
412 3436 546 3504 Romam
573 3438 657 3506 ultro
687 3437 866 3506 affluxere?
886 3441 959 3520 ¹⁴⁴)
1004 3440 1112 3520 Quae-

362 3761 432 3841 ret)
455 3767 637 3840 ,oppianus
660 3767 690 3822 B.
714 3767 764 3824 oiv.
787 3768 807 3850 l,
833 3767 903 3826 105·
927 3785 969 3840 s‘l-
