2770 4814
526 674 719 744 ...8.-

208 876 316 928 seeum
337 880 404 926 nou
424 859 583 940 fecerant,
607 863 765 928 civitatem
784 879 948 953 agrosque
963 865 1040 956 adef

208 981 271 1046 mit.
293 978 374 1047 Dein
386 980 507 1046 Romae
519 978 719 1046 tribunorum
735 990 924 1068 potestatem
939 1001 1042 1070 paene

208 1095 351 1176 sustulit3
375 1096 572 1163 comitiorum
593 1096 754 1164 licentiam
769 1099 923 1163 coercuit:
947 1118 1043 1165 sena-

209 1221 260 1279 tus
283 1199 504 1283 auctoritatem
525 1212 650 1280 iudiciis
673 1212 714 1278 eb
738 1213 897 1300 equitibus
919 1213 1044 1280 tralatis

211 1329 313 1406 auxit3
336 1349 404 1396 rem
424 1328 624 1394 iudiciariam
646 1327 822 1408 ordinarit3
843 1329 935 1416 leges
958 1349 1044 1397 suru-

210 1445 355 1531 ptuarias
383 1445 462 1512 tulit.
504 1445 690 1524 Postremo,
719 1455 754 1511 ut
775 1444 834 1512 has
856 1448 1046 1512 mutationes

212 1561 306 1643 quasi
333 1559 538 1628 fundamento
568 1559 739 1639 stabiliret,
776 1572 961 1628 senatorum
987 1583 1048 1628 uu-

212 1694 334 1742 lnerum
369 1676 505 1744 asseclis
532 1679 636 1755 auxlt3
673 1676 782 1745 deeem
810 1677 909 1744 millia
937 1699 1050 1746 servo-

214 1811 285 1858 rum
314 1795 440 1860 civitate
469 1795 614 1872 donarit,
650 1813 814 1880 agrosque
843 1794 1051 1882 expulsorum

216 1907 331 1974 civium
375 1921 407 1976 et
447 1913 609 1978 sociorum
644 1907 827 1996 legionibus
864 1912 1052 1996 assignarit.

218 2021 381 2107 Ceterum,
417 2026 574 2094 libertatis
603 2036 635 2092 et
662 2024 768 2112 legum
798 2026 904 2115 speeie
933 2026 1052 2116 populo

218 2139 405 2224 blandiens,
436 2143 588 2210 eonsules
603 2145 717 2212 ,creari
738 2161 857 2230 pessus
880 2153 944 2223 ost,
966 2146 1054 2232 ipse-

220 2277 282 2343 que
320 2260 521 2328 eonsnlatum
558 2259 695 2326 dictator
728 2261 808 2325 iniit.
859 2258 941 2326 Delu
976 2280 1055 2327 vero

220 2373 380 2442 dictatura
407 2397 443 2444 so
471 2377 555 2442 ultro
586 2373 760 2457 abdicavit,
793 2379 936 2444 rationes
966 2387 1056 2444 aeto-

221 2508 308 2570 rum,
346 2494 473 2580 siquis
501 2489 614 2570 vellet,
651 2509 710 2577 pro
740 2493 896 2562 concione
925 2495 1056 2580 promit-

221 2615 308 2687 tens,
338 2618 434 2695 atque
465 2609 609 2697 privatus
630 2608 665 2673 in
687 2605 861 2673 Cumanum
875 2610 925 2693 ¹²)
950 2629 1059 2676 seces-

222 2723 278 2802 sit,
306 2732 397 2792 tauta
427 2725 642 2810 cumgratia,
672 2725 860 2791 auctoritate
883 2735 978 2812 etque
1000 2745 1059 2813 po-

224 2849 356 2920 testate,
384 2851 418 2908 ut
437 2840 624 2910 Puteolanis
656 2839 837 2928 petentibus
865 2841 956 2930 leges
980 2845 1061 2911 scri-

318 3265 368 3346 12)
396 3273 576 3346 Appinuus
606 3287 666 3330 eum
696 3271 801 3338 Cumis,
835 3265 955 3323 nurel.
983 3267 1062 3323 Vin·

228 3377 288 3427 tor
322 3362 440 3428 Puteolis
476 3371 608 3430 habitasse
645 3373 744 3441 relent,
787 3369 860 3446 quod
893 3367 951 3424 iere
985 3368 1064 3424 idem.

231 3470 408 3529 Strabone
437 3473 506 3531 enim
533 3481 601 3530 teste
630 3470 719 3550 (Vde.
743 3466 825 3550 Μ.)
854 3453 894 3550 ἦν
923 3460 960 3528 δὲ
981 3455 1067 3548 πρό·

231 3586 326 3650 τερον
346 3565 407 3654 μὲν
428 3563 632 3653 Δικαιαρχία
655 3562 801 3634 ἐπίνειον
815 3558 1068 3647 Κομαίων·κα-
1094 3607 1098 3614 -

232 3663 275 3732 τὰ
297 3665 336 3735 δὲ
356 3664 418 3756 τὴν
435 3664 571 3753 Ἀννίβα
593 3663 767 3752 στρατείαν
789 3658 972 3750 συνῴκισαν
988 3655 1068 3725 Ῥω-

140 3823 145 3832 ,
232 3771 329 3857 μαῖον
350 3768 407 3837 καί
426 3763 664 3856 μετωνόμασαν
684 3760 883 3842 Ποτιόλους.
