2770 4814
562 663 773 777 -iz-

247 921 408 992 ORATIO
430 923 567 991 LEPlDl
586 923 793 992 CONSULIS
810 923 866 990 ΑΙ)
882 923 1081 993 POPULUM

554 1041 774 1110 ROMANUM.

330 1365 359 1448 ξ.
383 1365 411 1430 1.
456 1363 632 1432 Clementia
652 1375 684 1430 et
698 1363 842 1452 probitas
857 1372 977 1443 nestra,
1000 1362 1079 1444 Qui-

245 1485 339 1560 rites,
369 1481 484 1568 quibus
513 1503 571 1570 per
599 1492 725 1548 ceteras
755 1492 867 1567 gentes
895 1484 1021 1547 maximi
1050 1494 1081 1548 et

246 1599 327 1664 clari
361 1601 456 1676 estis,
490 1599 659 1688 plurimum
692 1601 814 1665 timeris
849 1597 922 1664 milri
956 1598 1077 1664 faciunt

245 1716 483 1795 advorsum²²)
506 1715 706 1801 tyrannidem
720 1715 756 1780 L.
768 1714 895 1782 Sullae:
918 1735 969 1791 ne,
993 1735 1075 1801 quae
1158 1759 1162 1763 -

245 1835 307 1920 ipsi
336 1832 476 1897 nefanda
505 1835 708 1908 aestumatis,
737 1851 779 1896 ea
807 1851 921 1918 parum
944 1830 1078 1896 ereden-

245 1949 286 2015 do
317 1949 355 2016 de
383 1949 454 2014 aliis
486 1949 792 2014 circumveniamini:
823 1985 861 1995 —
891 1950 1079 2035 praesertim

245 2086 340 2152 quom
372 2065 419 2132 illi
450 2085 525 2153 spes
554 2069 656 2131 omnis
677 2067 711 2133 in
732 2061 865 2152 perfidia
887 2073 982 2149 atque
1006 2083 1078 2128 see-

245 2183 313 2250 lere
344 2184 400 2262 sit,
427 2203 532 2269 neque
556 2201 591 2248 se
615 2181 708 2248 aliter
729 2191 828 2255 tutum
850 2189 953 2268 putet,
983 2199 1078 2266 quam

244 2304 272 2367 si
287 2303 379 2389 peior
393 2309 488 2385 atque
502 2298 716 2366 intestabilior
730 2301 781 2382 ²³)
805 2309 889 2364 metu
902 2308 1012 2365 vestre
1026 2299 1078 2381 ²⁴)

330 2662 381 2743 ²²)
403 2666 602 2722 Haesitaverunt
623 2665 650 2720 in
671 2665 721 2721 hae
743 2664 879 2720 locutione
900 2663 1076 2735 interpretes:

243 2785 287 2826 res
322 2777 409 2825 tamen
443 2768 530 2840 plana.
573 2765 644 2837 lug.
684 2765 754 2823 105.
785 2765 887 2821 timer
921 2763 1079 2838 aliquantus

243 2871 290 2926 sed
319 2885 399 2942 spes
427 2866 554 2939 amplior,
584 2866 685 2938 quippe
716 2864 877 2930 victoribus,
907 2870 931 2918 et
954 2864 1075 2920 advor-

243 2985 399 3034 sumens,
423 2983 491 3040 quos
514 2980 595 3036 saepe
615 2964 743 3020 vicerant.
786 2963 856 3036 lug.
879 2962 931 3020 43.
954 2964 1075 3018 advor-

241 3086 311 3126 sum
333 3067 433 3124 divitias
454 3065 576 3122 invictus.
669 3128 672 3142 ,

325 3179 375 3258 ²³)
405 3184 460 3240 Hae
486 3197 568 3249 rose,
596 3181 624 3236 in
652 3178 756 3252 legibus
779 3177 836 3234 llll.
858 3176 1007 3234 tabularum
1030 3178 1074 3234 oh·

226 3288 280 3342 ¹via
303 3281 463 3362 (Gellius
485 3283 517 3338 N.
542 3283 572 3337 Α.
594 3275 688 3354 v1‚7.)
725 3279 865 3336 Sallustius
895 3295 959 3334 usus
989 3278 1077 3336 estin

241 3389 298 3460 lug.
327 3400 387 3456 cap.
411 3382 461 3440 67.
504 3382 654 3454 Usurpatur
681 3381 714 3436 de
741 3379 848 3435 homine
876 3377 1001 3450 improbo
1023 3395 1074 3434 rna-

241 3488 329 3561 lisque
350 3483 450 3540 artibus
472 3482 572 3538 dedito.
616 3481 714 3537 llritz
737 3479 779 3535 ad.
803 3479 822 3534 l.
846 3479 902 3551 lug.
927 3478 972 3532 eit.

329 3596 380 3676 ²⁴)
413 3601 546 3657 Dureau
589 3598 630 3654 de
672 3595 828 3652 Lemelle
871 3595 1074 3665 interpretatur:

243 3706 368 3778 „espace
389 3698 510 3760 d'ahlatil
528 3697 639 3754 absolu:
662 3697 687 3752 la
709 3695 810 3752 erainte
832 3693 990 3750 etautvotre
1007 3694 1074 3750 lot.“

243 3805 365 3861 Corte:
401 3800 518 3876 ,‚peior,
552 3814 630 3872 quam
661 3814 710 3854 vos
737 3795 865 3852 timetis.“
900 3795 1074 3852 Burneul:
