2770 4814
557 737 761 812 ..41..

326 931 417 1000 Nunc
439 933 502 998 iem
524 924 753 1002 eevideomus,
776 939 858 1008 quoe
876 914 1075 983 Bressiue

243 1051 283 1118 do
306 1053 432 1139 privato
452 1045 692 1120 coniuratione,
716 1038 754 1106 de
777 1035 944 1118 Quiritium
966 1027 1076 1120 eppei-

148 1193 154 1206 ·
243 1169 363 1236 latione
386 1176 482 1252 atquc
505 1161 544 1230 de
566 1157 775 1246 inscriptione
797 1153 935 1243 protulit.

287 1431 290 1438 ·
328 1401 391 1481 Qui
418 1399 576 1486 privotom
604 1390 855 1458 coniurationem
877 1398 986 1475 parat,
1014 1391 1080 1476 pri-

245 1539 329 1585 mum
360 1514 506 1600 singulos
536 1513 607 1598 ipse
638 1507 690 1574 vel
720 1517 779 1593 per
815 1506 936 1572 amieos
972 1514 1081 1586 tentet,

244 1634 382 1700 idoneos
407 1637 495 1694 certo
519 1625 569 1692 die
592 1633 759 1702 convocat,
788 1642 854 1689 rem
876 1641 978 1707 paene
1002 1642 1080 1689 con-

248 1759 374 1817 ventam
401 1746 541 1813 hreviter
569 1723 723 1829 explicet,
751 1741 820 1806 eius
842 1739 1005 1824 gerendae
1029 1759 1082 1806 ro.
1155 1805 1160 1814 ‚

250 1867 367 1934 tionem
401 1862 567 1953 proponit;
602 1877 717 1941 seeum„
745 1855 879 1934 fociant,
921 1855 1083 1936 hortatum

249 1983 342 2050 fidem
365 1981 489 2068 occipit.
531 1975 600 2044 Hoc
622 1974 734 2042 saltem
753 1975 807 2040 vie
841 1983 937 2059 etque
960 1976 1084 2040 ratione

251 2098 389 2168 Catilina
418 2116 509 2165 suem
536 2095 790 2164 coniurationem
818 2092 952 2176 paravit.
996 2090 1086 2170 Quc-

252 2237 323 2285 rum
349 2211 492 2300 Lepidus
521 2209 607 2276 nihil.
650 2207 758 2274 Verbo
790 2207 873 2272 enim
909 2204 948 2271 de
977 2205 1088 2273 Sullae

254 2327 422 2422 tyrannide
449 2325 525 2393 facit
556 2344 689 2411 comque
725 2321 876 2410 explicet,
906 2320 994 2388 velut
1023 2341 1090 2388 rem

168 2501 173 2516 .
254 2447 449 2532 incognitam
487 2453 519 2509 et
556 2460 640 2508 nune
676 2442 809 2529 primum
846 2437 1001 2517 auditam
1019 2440 1090 2520 ¹⁰⁶)

256 2583 367 2632 omnes
390 2561 621 2630 coniurationis
644 2579 723 2646 opes
744 2560 778 2624 in
794 2557 866 2624 sola
881 2555 1017 2624 audacie
1030 2577 1102 2646 po-¹

255 2683 399 2762 nit;¹⁰²)
424 2679 523 2767 quid?
552 2675 639 2762 quod
667 2675 707 2740 de
728 2675 908 2742 auditorum
931 2693 1093 2746 consensu

258 2969 302 2983 -
330 2940 406 3012 signo
435 2940 506 3005 dato,
537 2913 730 3010 sequimini
758 2952 820 3002 me,
842 2934 935 3010 inquit,
958 2943 984 2993 et
1005 2944 1095 2994 vestro

259 3039 414 3116 imperatori
437 3071 476 3082 —
500 3054 609 3111 operam
630 3037 699 3093 dete.

350 3136 422 3216 ¹⁰⁰)
444 3139 529 3198 Huius
556 3145 623 3194 orat.
653 3131 728 3215 §pho
750 3135 771 3191 Ι.
800 3133 942 3191 Clementia
963 3142 1050 3192 vestro
1072 3141 1098 3192 et

261 3241 380 3316 probitas
420 3269 459 3284 -
496 3238 640 3313 plurimum
675 3235 779 3293 timoris
807 3234 884 3302 iecit,
913 3251 947 3292 ne
975 3251 1098 3308 purum
1181 3267 1182 3271 =

263 3340 441 3399 eredendo
464 3335 714 3396 circumveniamini.

353 3433 423 3515 1(Π)
447 3439 558 3495 Nostrae
574 3431 602 3516 ᾗ.
619 3437 650 3495 5.
673 3436 767 3503 „Satis
788 3434 833 3491 ille
855 3433 960 3502 suerint,
983 3451 1101 3509 quoe-

262 3542 442 3601 toleravimus.
450 3543 467 3570 “
491 3533 520 3616 ᾗ.
537 3537 566 3600 6.
588 3555 697 3603 vereor,
720 3553 753 3592 ne
775 3535 972 3608 entecapiamini
995 3565 1034 3576 -—
1056 3551 1099 3590 ve·

264 3651 319 3699 stre
341 3641 475 3699 socordia.
500 3633 567 3718 §.2
590 3655 672 3714 quere
693 3637 774 3710 igitur
795 3644 867 3693 tento
953 3634 1040 3689 animo
1063 3633 1100 3688 in·

267 3743 353 3798 coditi
381 3743 442 3816 quio
471 3739 602 3796 secundae
630 3755 673 3794 res
697 3769 735 3778 —
759 3745 821 3795 sunt
843 3734 976 3794 obtentui:
1007 3732 1102 3807 quilius

253 3826 402 3898 vlelteioctis
426 3871 463 3881 -
488 3846 680 3896 contemnetur.
761 3891 765 3898 .
