2770 4814
562 631 772 736 4⁸72..

236 863 312 918 ‘tem
333 853 403 917 iuro
426 850 622 930 Sallustium,
646 855 700 939 qui
722 873 880 940 nusquam
890 853 1087 919 Graecorum

251 971 376 1034 simiam
396 973 478 1055 egit,
500 981 564 1036 tom
585 949 742 1038 insulsum
763 959 865 1038 luisse
887 991 1024 1058 argum,
1057 981 1089 1037 ut

252 1088 416 1154 orationes
464 1087 712 1171 Corinthiorum,
754 1089 954 1176 aliorumque
992 1088 1088 1154 rebus

251 1203 407 1272 laconicis
429 1206 565 1296 aliisque
589 1210 705 1296 aptum,
722 1207 764 1274 ad
787 1229 839 1276 ros
862 1227 1013 1274 romanas
1036 1227 1088 1274 re-

252 1323 362 1403 ferret,
385 1313 520 1412 quarum
541 1337 643 1393 status
664 1326 763 1412 louge
786 1326 869 1393 alius
891 1328 984 1393 erat?
1008 1325 1088 1391 alia-

250 1462 316 1527 rque
357 1445 528 1531 reoiponet,
570 1463 654 1530 quae
688 1463 810 1529 graeca
846 1439 1089 1530 magniloquen-

254 1562 299 1626 tia
319 1569 485 1636 tumerent,
508 1580 641 1628 nomana
662 1564 821 1647 gravitate
840 1562 937 1651 plena
958 1564 1089 1628 essent?

254 1677 325 1756 Ubi,
349 1699 484 1766 quaeso,
512 1683 547 1746 in
575 1679 629 1747 his'
653 1680 800 1747 omnibus
828 1681 891 1746 illa.
906 1681 1092 1770 praedicata

256 1795 400 1865 Sallustii
428 1797 594 1865 brevitas?
627 1798 681 1865 ubi
712 1800 814 1878 „illae
836 1804 1021 1878 sententiae,
1052 1820 1091 1864 eu
1176 1807 1179 1814 ’

257 1914 371 2001 quibus
394 1916 470 1984 nibil
495 1915 577 1982 demi
599 1919 669 1983 sino
692 1937 808 1984 seusus
829 1918 1014 1984 detrimento
1031 1936 1090 2005 po·

255 2035 368 2099 test“?
392 2033 468 2122 quid
487 2036 522 2100 iu
543 2034 591 2100 his
614 2033 745 2123 Crispo,
776 2037 900 2123 „primo
929 2037 962 2100 in
985 2053 1090 2100 noma·

256 2171 300 2218 ua
320 2151 496 2232 historia“,
520 2153 646 2220 similet
668 2156 740 2236 ¹⁵⁰)
771 2152 858 2228 liaeo
880 2153 992 2242 Lepidi
1015 2172 1091 2220 ora-

256 2273 299 2336 tio
322 2291 411 2338 mera
432 2283 509 2360 puta
531 2272 719 2340 declamatio
743 2276 807 2340 ost!

338 2515 379 2574 At
406 2527 503 2576 uuum
528 2507 685 2586 fortasse,
719 2512 866 2593 quamvis
896 2505 1091 2572 dubitatione

140 2672 142 2677 -
257 2636 371 2704 motus,
394 2627 467 2692 mihi
490 2626 632 2705 obiicias,
656 2626 786 2706 scilicet,
800 2625 884 2692 bano
907 2627 1092 2690 ooneionem

182 2775 184 2780 ·
256 2750 361 2832 neque
386 2745 460 2812 looo
489 2766 594 2832 neque
616 2757 758 2834 tempore
781 2755 902 2833 aptam,
925 2754 1030 2810 tamen
1053 2741 1095 2808 ad

257 2862 327 2929 leve
364 2864 487 2930 Aemilii
523 2865 685 2948 ingenium
721 2883 742 2929 a
776 2861 929 2929 Sallustio
959 2860 1093 2927 elliotam

259 3001 349 3059 esse,
393 2993 427 3049 ut
467 2979 659 3048 luculentam
709 2979 903 3068 reipublicae
942 2998 1094 3044 romanae

261 3097 353 3166 Sulla
380 3099 560 3166 dominante
589 3099 759 3184 imaginem
789 3107 862 3163 auto
893 3095 1006 3164 oculos
1035 3116 1123 3185 po-¹

353 3375 424 3450 ¹⁵⁰)
448 3367 573 3434 Seneca
595 3378 673 3450 epist.
691 3375 795 3434 Gllllll:
821 3395 879 3446 „ex
899 3377 1014 3434 Sallustii
1037 3393 1094 3433 sen-

260 3479 340 3536 tentia
372 3477 437 3534 nihil
471 3478 539 3534 demi
569 3481 626 3535 sine
662 3495 756 3535 seusus
784 3479 942 3536 detrimento
971 3483 1096 3550 potest.“

261 3580 526 3648 Quinctilianus
548 3577 616 3647 uu.
641 3579 711 3646 „illa
733 3579 883 3636 sallustiano
905 3579 1098 3649 brevitasque

259 3680 324 3736 nint
357 3711 393 3724 --
423 3687 513 3753 potest
541 3696 601 3737 esse
628 3679 808 3752 perfectius.“
837 3678 1011 3736 llantialis
1034 3677 1098 3736 xiv,
1202 3737 1206 3745 ,

262 3783 385 3855 „primus
409 3799 516 3840 romana
539 3781 649 3854 Crispus
671 3781 697 3837 in
720 3782 838 3856 historia.
848 3786 864 3812 “

754 3994 840 4137 ‘ln
