2770 4814
604 655 816 766 ..ri-.-

290 906 330 951 en
359 882 502 960 duobus,
540 902 622 968 quos
660 880 739 962 dini,
776 883 933 948 vaticanis
962 878 1126 948 codicibus

291 1014 322 1068 et
344 1001 407 1067 alio
430 1001 583 1068 historiae
607 1000 816 1068 sallustianae
832 999 1010 1085 fragmento
1027 1017 1129 1084 nuper

290 1119 410 1185 Romae
446 1120 654 1199 invento,²⁰)
699 1138 783 1185 nunc
821 1119 939 1183 certius
976 1115 1126 1183 iudicium

291 1237 369 1302 ferri
406 1246 520 1325 potest.
564 1235 684 1302 Eorum
722 1237 804 1301 enim
842 1237 1001 1322 scriptura
1030 1233 1129 1304 docu-

292 1364 397 1420 mento
427 1364 490 1421 est:
527 1351 765 1432 „horridiorem
793 1353 937 1439 primitus
967 1350 1130 1418 sallustia-

294 1492 395 1548 „num
433 1490 613 1537 sermonem
649 1469 765 1547 luisse,
803 1469 1000 1556 eandemque
1037 1489 1131 1554 quam

298 1587 457 1664 „Catonis
481 1585 638 1672 Origines·
655 1589 859 1673 asperitatem
881 1585 1061 1652 retulisse.“
1079 1588 1133 1681 ²¹)

297 1701 502 1792 Quapropter
528 1705 584 1783 iis,
615 1723 697 1790 qnae
726 1707 857 1793 praesto
887 1714 994 1780 erant,
1032 1701 1133 1768 adrni-

298 1820 413 1887 nioulis
448 1841 543 1900 usus,
580 1823 774 1888 novissimas
810 1820 967 1888 editiones
1005 1832 1134 1888 secutus

298 1959 384 2016 sum,
415 1941 561 2005 oratione
589 1941 623 2004 in
653 1938 945 2027 ‚‚paragraphos‚“
976 1959 1058 2025 quae
1088 1941 1134 2003 vi-

299 2054 470 2134 debantur,
507 2060 640 2144 partita:
679 2077 761 2142 quae
797 2077 876 2124 uero
907 2057 945 2122 de
979 2055 1075 2122 rohos
1106 2068 1136 2122 et

299 2173 491 2240 lectionibus
535 2173 737 2240 admonenda
774 2184 880 2250 erant,
922 2176 955 2239 in
992 2176 1135 2260 margine

305 2291 453 2378 apposui.
770 2278 775 2286 ’

303 2650 367 2715 ptor
395 2659 521 2700 romanus
543 2640 672 2714 peculiari
701 2641 892 2715 orthographia
912 2653 1048 2715 uteretur,
1082 2649 1140 2704 vide

306 2744 343 2800 sis
365 2743 437 2816 apud
457 2741 627 2798 Handlum
647 2740 789 2798 Lehrhuoh
811 2743 859 2800 des
881 2743 928 2800 lat.
941 2745 1023 2819 Styls.
1049 2747 1140 2806 1839.

307 2860 368 2916 pag.
392 2841 443 2902 98.

391 2991 441 3069 ²⁰)
476 2995 516 3052 hd
546 2994 666 3066 Spartaci
697 2991 797 3049 bellum
830 2995 972 3066 pertinet:
1011 2995 1042 3051 C.
1078 2997 1141 3053 Sall.

307 3097 352 3151 Cr.
369 3096 540 3152 historiarum
562 3095 623 3151 libri
645 3094 689 3149 lll.
711 3094 834 3167 fragmm.
857 3095 926 3153 edita
948 3095 980 3150 ah
996 3097 1028 3150 h.
1041 3095 1140 3154 llaio.

308 3197 375 3252 Edit.
404 3197 508 3255 auctior
529 3203 556 3251 et
577 3194 756 3263 emendatior,
786 3203 896 3253 curante
917 3195 1143 3271 Kreyssigio.

313 3296 404 3356 1830.

397 3444 447 3524 21)
483 3448 666 3505 Gerlachio
705 3458 788 3517 teste,
822 3450 864 3506 lll.
903 3467 964 3524 pag.
997 3452 1044 3509 18.
1090 3453 1146 3520 Qua

309 3553 335 3607 in
375 3566 404 3606 re
440 3565 503 3606 sane
538 3549 687 3606 docendum
718 3557 774 3617 est,
811 3551 918 3608 codices
946 3552 972 3608 in
1004 3552 1146 3610 scribendo

313 3651 364 3708 sihi
387 3651 473 3709 minus
495 3657 628 3708 constare.
652 3652 687 3708 id.
