2770 4814
605 621 815 690 ..53-

378 807 495 874 Omnes
518 805 563 872 illi
586 809 774 892 scriptores,
797 827 880 893 qnos
902 808 1004 893 primo
1028 817 1058 872 et
1081 805 1128 870 al-

292 935 361 989 tero
390 924 463 989 loeo
494 925 604 1010 posui,
633 922 683 988 vel
716 933 813 988 totam
836 922 1000 988 historiam
1023 941 1130 988 ronte—

292 1059 365 1106 notn
398 1042 431 1104 in
466 1038 597 1106 brevem
633 1059 785 1104 summanr
818 1039 1132 1124 comprehenderunt

290 1157 341 1221 vel
373 1158 546 1223 ostensione
574 1158 609 1222 in
637 1155 774 1222 eliorum
802 1175 907 1222 rernm
937 1156 1128 1220 tractatione

291 1271 401 1338 oblata
431 1272 471 1338 de
498 1271 612 1360 Lepidi
644 1271 811 1338 conatibus
841 1271 980 1336 breviter
1008 1289 1128 1334 memo-

290 1398 453 1454 raverunt.
476 1387 585 1468 Quare
608 1387 752 1472 singutas
776 1407 839 1459 res,
863 1405 946 1472 quae
969 1385 1009 1451 ad
1031 1395 1129 1452 totam

290 1504 455 1570 historiam
475 1503 616 1570 leviores
640 1512 765 1578 essent,
792 1502 844 1567 vel
868 1501 908 1566 ad
931 1503 1130 1589 propositum

290 1623 394 1688 rninns
415 1620 569 1695 fenerent,
592 1620 777 1686 omiserunt.
816 1617 907 1685 Unde
928 1617 996 1683 fieri
1019 1618 1128 1704 potnit,

287 1749 321 1804 ut
350 1755 461 1824 paoem
493 1734 636 1800 dicerent
659 1753 742 1812 earn,
774 1737 807 1800 in
830 1751 895 1820 quo
916 1731 1037 1800 nullum
1058 1732 1127 1798 hel-

287 1851 351 1918 lum
374 1850 483 1926 civite,
513 1861 653 1915 ettamen
674 1850 792 1918 coedes
821 1862 853 1917 et
874 1852 1127 1939 proscriptiones

288 1967 493 2048 essent‚¹²⁸)
516 1985 715 2053 parvumque
740 1965 903 2032 tumultum
934 1977 966 2034 et
989 1965 1124 2040 caedem,

289 2090 315 2152 si
355 2102 419 2171 qus
454 2092 528 2170 post
563 2081 646 2148 hano
684 2085 861 2151 orationem
897 2081 965 2158 fuit,
1002 2080 1122 2150 silentio

288 2201 509 2290 praeterirent,
547 2197 660 2265 eadem
697 2201 822 2268 ratione
860 2218 924 2286 qua
961 2197 1126 2266 dodienas

286 2318 404 2385 caedes
436 2317 646 2393 reticuerunt,
678 2338 759 2403 qiras
787 2329 892 2383 tamen
920 2313 1023 2378 tactas
1053 2331 1127 2377 esse

286 2432 414 2500 aliunde
438 2442 633 2518 conpertum
655 2432 819 2522 hebernus.
833 2431 904 2506 ¹²⁹)
949 2425 1032 2500 Quin
1055 2427 1124 2504 ipse

285 2548 398 2616 diacon
427 2545 510 2611 hunc
541 2546 715 2621 tumultum,
744 2544 771 2608 si
799 2541 851 2624 qui
881 2536 952 2610 suit,
976 2530 1017 2596 ab
1040 2532 1122 2618 opti-

286 2667 413 2732 matium
434 2661 526 2728 hoste
550 2662 716 2735 concitum,
739 2657 828 2724 cuius
851 2671 891 2716 ne
914 2668 1030 2716 nomen
1054 2650 1124 2736 qui-

283 2905 588 2921 ,Μ

370 3059 443 3136 ¹²⁸)
466 3061 503 3118 ltt
531 3057 659 3116 Florus
688 3054 792 3122 11121.
821 3069 868 3109 no.
891 3051 950 3110 23:
981 3066 1030 3106 noo
1053 3049 1123 3104 idom

282 3177 368 3222 torrren
391 3162 508 3220 caedium
531 3158 574 3232 qui
596 3157 660 3213 hetti
682 3154 741 3211 finis
763 3155 828 3212 init:
853 3152 937 3208 stricti
959 3150 1036 3206 etiarn
1060 3156 1086 3204 ot
1100 3148 1126 3202 in

286 3283 351 3340 paee
379 3263 457 3337 gladii
485 3259 535 3315 rel.
557 3289 600 3298 -—
621 3258 802 3314 Lucanus:
835 3252 921 3308 omnia
944 3249 1065 3308 Sullanae
1087 3247 1125 3303 lu·

285 3377 384 3424 strosse
406 3363 532 3420 cadevera
556 3361 638 3432 pacis.
662 3357 781 3414 Pharsnl.
812 3357 842 3424 ll,
856 3355 926 3412 171.
950 3352 1039 3424 ibique
1061 3349 1125 3404 Cor·

284 3470 337 3526 tius
361 3474 387 3521 et
408 3461 551 3518 Weberus.

370 3627 441 3706 ¹²⁹)
466 3631 591 3686 (tireno
627 3643 677 3699 pro
712 3621 766 3678 Mil.
800 3619 848 3678 14.
883 3613 1067 3760 epistolissimo
1096 3612 1124 3666 in

280 3737 342 3794 foro
366 3733 446 3791 coede
468 3733 545 3788 strete.
