2770 4814
625 741 840 814 ..sg-

399 923 641 993 Gerlachius
678 926 760 992 haue
798 930 975 1000 orationem
1005 949 1026 998 a
1058 951 1154 998 eou-

315 1042 406 1110 oule
428 1059 487 1130 pro
505 1045 620 1110 rostris
636 1047 872 1132 pronuntiatam
887 1057 992 1135 putat3
1016 1047 1153 1135 „desig-
1231 1031 1241 1048 '

239 1153 240 1160 ’
313 1169 407 1226 natos
446 1161 529 1230 euim
565 1161 615 1226 ius
648 1162 860 1229 concionandi
890 1183 956 1229 nou
992 1164 1155 1248 habuisse,

314 1275 475 1362 multaque
505 1275 737 1357 demonstrare,
771 1278 894 1346 Sullam
927 1283 1047 1347 etiam
1081 1292 1155 1350 tum

306 1393 503 1480 ¹dictaturam
526 1395 707 1468 retinuisse.
752 1394 875 1462 Tamen
898 1396 1045 1484 Appiani,
1069 1396 1153 1466 Oro-

314 1513 362 1587 sii‚
392 1508 553 1576 Plutarchi
589 1520 620 1576 et
646 1509 769 1576 Aurelii
798 1510 937 1578 Victoris
966 1517 1155 1600 testimonia,

315 1630 459 1712 quamvis
495 1646 553 1714 per
590 1645 626 1693 se
661 1645 773 1712 parum
802 1639 910 1694 certae
948 1605 1157 1716 auctoritatis,

308 1763 479 1840 'consensu
498 1742 591 1810 iidem
610 1742 730 1822 facere,
753 1742 877 1810 Sullam
897 1765 984 1814 auno
1002 1760 1075 1818 aute
1091 1751 1154 1818 Le-

315 1861 423 1950 pidum
440 1871 477 1926 et
499 1859 646 1928 Catulum
669 1859 872 1930 abdicasse.“
885 1864 938 1942 99)

396 2092 653 2164 Drumanuus
682 2098 728 2163 ita
756 2099 864 2164 scutit:
894 2095 1004 2174 „haue
1033 2100 1153 2164 oratio-

313 2231 388 2281 uom
420 2212 535 2282 eodem
562 2234 648 2292 auno
678 2217 842 2283 recitatam
865 2233 951 2294 esse,
978 2235 1041 2303 quo
1064 2215 1156 2286 Sulla

310 2342 458 2402 mortuus
496 2336 554 2413 sit,
591 2335 777 2422 etquidem
805 2333 976 2424 aLepido
1013 2335 1156 2413 causale,

316 2468 425 2516 coram
452 2439 585 2540 populo
602 2469 753 2529 romauo;
783 2472 854 2517 eum
884 2473 921 2518 se
942 2457 1012 2537 ipso
1035 2472 1154 2518 cousu-

318 2563 381 2631 lem
403 2566 488 2634 dicat
510 2580 541 2634 et
562 2567 725 2634 auditores
749 2566 917 2646 Quiritium
947 2567 1075 2632 momine
1098 2585 1155 2651 ap-

316 2681 441 2770 pellet.“
456 2687 528 2768 ¹⁰⁰)

400 2913 568 2980 Postremo
591 2923 674 2992 suut,
704 2916 759 2999 qui
787 2912 897 2992 „hauc
928 2913 1106 2980 orationem
1138 2935 1158 2980 a

317 3028 471 3097 Sallustio
494 3049 582 3097 mere
604 3027 738 3096 effictam
760 3039 880 3119 putent,
896 3039 930 3096 ut
943 3029 1056 3117 Lepidi
1079 3050 1157 3098 cou-

317 3145 392 3214 silia
404 3146 580 3214 lectoribus
596 3146 807 3233 significaret:
823 3149 926 3234 ipsam
942 3148 1034 3222 enim,
1045 3166 1157 3232 quam-

319 3282 414 3351 quam
440 3283 499 3354 pro
529 3274 682 3354 tempore,
710 3264 784 3332 loeo
814 3275 845 3331 et
875 3263 972 3330 rebus
995 3265 1158 3351 aptissime

428 3611 481 3690 ⁹⁹)
506 3616 550 3674 Gai
567 3616 653 3689 Crispi
675 3616 781 3673 Salustii
803 3632 871 3690 quae
893 3621 994 3672 exstant
1016 3615 1058 3670 cd.
1075 3616 1158 3672 Gor·

322 3713 406 3772 lach.
429 3717 471 3776 lll.
494 3733 555 3790 pag.
578 3715 630 3776 52.
653 3733 694 3790 so·

413 3812 482 3892 ¹⁰⁰)
506 3818 721 3875 lirumaunus
744 3815 789 3872 oit.
812 3813 853 3880 lll,
870 3813 941 3872 338.
965 3830 1006 3886 sq.

1364 1215 1366 1308 l
