2770 4814
607 751 894 839 ..zu-¹,

293 963 355 1030 que
373 943 427 1024 ⁶¹)
460 941 534 1004 iure
564 949 595 1006 et
630 937 749 1006 iudicia
785 937 845 1004 sibi
884 949 1129 1028 extorquerent;
1203 996 1211 1008 ..

295 1061 429 1146 egregie
445 1055 568 1122 scilicet
584 1054 748 1133 mercede,
775 1075 871 1142 quum
888 1054 1023 1140 relegati
1032 1061 1064 1124 in
1074 1079 1132 1147 pa-

295 1176 388 1243 ludes
417 1183 449 1241 ct
470 1173 570 1241 silves
594 1176 646 1259 ⁶²)
677 1172 899 1241 contumeliam
928 1183 1023 1259 atque
1051 1176 1133 1241 invi·
1216 1196 1219 1204 ·

297 1294 381 1360 diam
403 1312 509 1372 suam,
538 1295 682 1381 praemia
703 1311 802 1382 penes
824 1309 946 1380 paucos
966 1290 1134 1377 intellege-

296 1415 367 1477 rint.
401 1411 429 1494 ξ.
442 1410 472 1477 7.
504 1408 613 1490 Quare
642 1413 740 1496 igitur
767 1418 854 1474 tante
884 1410 1009 1493 agmine
1040 1419 1135 1497 utque

298 1529 409 1594 animis
439 1526 581 1593 incedit?
600 1529 652 1610 ⁶³)
683 1527 759 1613 quia
787 1525 948 1593 secundae
977 1543 1030 1592 res
1059 1530 1137 1593 mire

300 1654 375 1712 suut
395 1646 480 1711 vitiis
511 1643 668 1711 obtentui:
699 1643 815 1730 quibus
843 1641 1021 1724 labefactis,
1045 1665 1138 1732 quem

297 1762 486 1829 formidatus
508 1772 567 1843 est,
582 1772 646 1828 tem
668 1771 902 1837 contemnetur3
920 1764 1036 1827 ——nisi
1057 1763 1140 1829 sorte

298 1880 407 1966 specie
434 1878 630 1944 concordiae
652 1887 684 1942 et
713 1879 820 1962 pacis,
852 1895 934 1960 quae
963 1877 1080 1943 sceleri
1108 1889 1139 1943 et

299 1991 473 2082 parricidio
490 1993 545 2074 ⁶⁴)
569 2009 628 2057 suo
652 1991 782 2054 nomina
801 1988 922 2054 indidit.
945 1990 1056 2076 Neque
1078 1991 1137 2056 ali-

300 2336 450 2402 tribuuuus
479 2331 583 2404 urigine
603 2331 734 2404 deputet,
756 2332 804 2391 sed
825 2331 987 2406 persuadere
1008 2334 1064 2393 vuit
1092 2351 1140 2409 po·

302 2435 378 2509 pule,
400 2432 595 2507 profectionem
615 2431 727 2490 miiitum
748 2433 910 2492 documento
933 2451 1007 2502 esse,
1031 2452 1079 2492 eos
1100 2453 1141 2492 ar·

302 2536 352 2602 mis
368 2534 542 2600 renuntiasse,
552 2548 639 2606 neque
651 2547 702 2606 per
715 2549 787 2596 anne
810 2548 952 2591 eversuros
975 2534 1143 2601 tribunatum,

304 2632 478 2696 cerdonibus
498 2632 642 2701 conditum,
660 2633 774 2708 idcuque
796 2649 901 2694 sacrum
920 2640 998 2706 atque
1016 2642 1144 2690 sancium.

393 2728 445 2810 ⁶¹)
468 2732 623 2794 vatican.
640 2734 659 2790 1.
676 2774 693 2802 ‚‚
701 2734 800 2808 itaque.
809 2737 826 2766 “
840 2733 908 2795 Sed:
925 2733 1065 2807 „proiecti
1086 2742 1147 2792 sunt

306 2849 439 2900 evorsum,
448 2833 698 2908 —iiaque-inre
711 2842 900 2908 extorquerent
908 2839 925 2866 “
940 2833 1082 2894 barbarum
1098 2843 1148 2892 est.

395 2927 448 3006 ⁸²)
467 2933 535 2990 ‘Aliis
570 2931 684 2990 testibus
721 2935 838 2990 conditio
876 2935 1047 2992 Sullanorum
1075 2937 1149 2991 initio

308 3035 389 3106 lenge
410 3032 459 3089 alia
481 3033 539 3090 duit.
563 3033 688 3090 Cicero
712 3033 768 3089 Get.
791 3033 823 3100 11,
846 3033 876 3090 9.
894 3035 1041 3100 „homines
1064 3051 1096 3090 ex
1118 3035 1149 3090 iis

311 3125 433 3202 coloniis,
456 3150 521 3208 quus
543 3133 615 3190 Sulis
637 3133 791 3190 considuit:
812 3148 855 3173 -’-
876 3135 938 3190 dum
960 3134 1089 3206 praediis,
1113 3133 1149 3188 ie·

311 3235 395 3303 cdicis,
416 3233 520 3294 familiis
542 3234 653 3306 magnis,
676 3233 802 3290 conviviis
822 3235 955 3308 apparatis
977 3234 1150 3300 delectentur,

310 3336 337 3392 in
358 3351 467 3394 -aes
488 3334 602 3394 alienun
623 3333 807 3392 incidendum

399 3431 451 3508 ο3)
473 3434 511 3494 ue
533 3433 586 3492 hoe
614 3435 750 3506 Appianus
773 3433 828 3490 civ.
856 3435 877 3501 1,
903 3433 973 3492 100.
1003 3424 1153 3500 πελέκεις

315 3528 377 3616 γὰρ
399 3523 559 3617 ἐφέροντο
581 3525 648 3616 πρὸ
672 3522 773 3594 αὐτοῦ
796 3519 853 3594 οἷα
874 3522 1078 3609 δικτάτορος,
1106 3518 1153 3590 e’c'-

316 3653 392 3698 eous
419 3628 477 3696 καὶ
496 3624 654 3716 τέσσαρες
674 3626 730 3694 καὶ
748 3625 898 3716 φυλακὴν
919 3630 978 3691 τοῦ
1000 3622 1155 3709 σώματος

317 3726 497 3815 περιέθετο
519 3723 694 3815 πολλήν..

406 3832 457 3910 ⁵⁴)
479 3835 652 3896 Parricidium
682 3836 779 3894 dicitur
805 3835 841 3891 de
873 3832 949 3890 eruni-
973 3833 1069 3900 caede,
1107 3849 1157 3906 (uua
