2770 4814
548 763 586 774 ..
629 679 755 795 21'..

231 927 280 981 ter
309 934 345 980 se
368 931 519 980 romanos
542 913 702 978 exercitus
726 919 757 975 et
778 929 869 976 arma
890 909 931 976 alt
961 920 1072 978 exter-

232 1033 283 1098 nis
317 1033 348 1096 in
386 1043 510 1097 nosmet
537 1047 646 1096 versa.
690 1025 857 1094 Scelerum
887 1038 919 1094 ct
956 1037 1070 1094 contu-

232 1149 396 1214 meliarum
417 1151 556 1214 omnium
577 1146 648 1213 fmis
664 1146 713 1210 sit.
736 1143 880 1224 Quorum
896 1145 978 1212 adcc
994 1144 1070 1212 Sul-

229 1266 291 1332 lam
320 1285 386 1332 ccn
415 1267 564 1354 poenitet,
593 1272 627 1329 ut
654 1270 686 1327 et
712 1260 799 1328 facta
826 1267 859 1328 iu
881 1263 989 1350 gloria
1009 1285 1069 1330 nu-

229 1394 338 1462 meret,
370 1393 411 1460 et,
442 1385 471 1448 si
491 1382 597 1460 liceat,
627 1378 752 1448 avidius
773 1380 894 1448 iecerit.
914 1384 966 1465 55)
998 1381 1026 1466 d.
1037 1382 1067 1448 6.

227 1501 338 1587 Neque
354 1503 418 1566 iam
434 1497 509 1585 quid
525 1499 722 1566 existumetis
737 1497 777 1564 dc
798 1499 865 1578 illc,
884 1498 943 1566 scd
965 1519 1068 1585 quau-

228 1625 293 1682 trim
323 1607 469 1682 audeatis
496 1633 628 1680 vereor:
657 1635 698 1680 ue
726 1614 809 1680 alius
831 1615 928 1682 alium
949 1617 1068 1702 princi-

228 1753 300 1822 pem
323 1739 547 1820 exspectantes
570 1731 891 1818 antecapiamiui3⁵⁴l
915 1751 980 1797 ccc
997 1734 1067 1819 cpi·
1162 1707 1164 1712 ¹

228 1851 287 1917 ltus
327 1853 412 1927 eius,
451 1868 533 1935 quae
571 1845 677 1913 futiles
719 1857 751 1914 et
782 1858 953 1936 corruptae
982 1858 1065 1925 sumt,

228 1969 286 2036 sed
318 1979 430 2036 vostra
457 1961 623 2042 socordia,
660 1985 755 2052 quam
785 1977 910 2052 raptum
929 1967 981 2050 55)
1017 1966 1065 2031 ire

225 2086 300 2152 licet
322 2087 368 2166 ei,
392 2105 486 2170 quem
508 2083 622 2152 audias
644 2091 708 2147 tam
729 2081 831 2148 videri
852 2079 986 2148 felicem.
1013 2083 1064 2165 55)

315 2405 366 2483 53)
388 2408 478 2467 cruc
508 2408 581 2465 scu
608 2407 660 2466 ac.
689 2393 920 2485 ἀπολογισμὸν
947 2399 982 2467 ἐν
1009 2399 1063 2468 cn-

225 2499 343 2590 κλησίᾳ
392 2506 458 2568 τῶν
505 2496 659 2588 πράξεων
701 2496 902 2584 ποιούμενος
915 2541 932 2552 -
955 2499 1062 2588 πέρας

225 2601 390 2670 ἐκέλευσεν
418 2597 541 2679 tacetur
564 2599 623 2668 ἐπὶ
654 2597 787 2680 τούτοις
806 2597 935 2690 Εὐτυχῆ
961 2624 1064 2690 προς·-

224 2698 458 2791 αγορεύεσθαι.

311 2803 362 2881 55)
385 2804 513 2878 Antecapi
535 2811 577 2862 est
597 2802 662 2872 ialli,
677 2805 774 2878 decipi.
789 2805 936 2864 Gerlach
948 2807 983 2863 ad
996 2807 1027 2868 lr-
1042 2807 1071 2863 l..

313 2901 363 2979 55)
386 2905 423 2962 lta
451 2905 522 2962 libri.
550 2905 658 2978 Rapere
681 2905 751 2964 enim
778 2905 911 2964 interdum
930 2907 1000 2964 idem
1021 2918 1063 2964 est

223 3008 296 3081 qued
331 3021 429 3080 cepere
459 3013 538 3080 atqua
571 3005 698 3080 diripere.
725 3005 803 3064 liv.
829 3007 871 3074 Vl,
893 3007 946 3068 23.
974 3017 1062 3066 castra

222 3123 328 3181 rapere.

310 3202 361 3280 ⁵⁶)
383 3205 472 3264 Locus
494 3213 649 3278 corruptus,
672 3207 699 3262 in
719 3221 774 3280 que
793 3206 922 3266 editiones
937 3207 1059 3266 titubant.

170 3381 171 3384 Ἴ
223 3306 356 3374 „Quam“
372 3319 520 3376 prcrtcmerr
537 3311 588 3361 est.
610 3305 701 3379 Neque
715 3307 856 3374 ‚‚audics“
872 3308 899 3366 in
914 3309 1034 3375 „audeat
1041 3314 1059 3344 “

222 3412 331 3474 mutate,
353 3405 582 3478 coniungeudumr
612 3407 774 3480 „capimini
795 3414 856 3466 cute
875 3437 921 3452 -ι
939 3414 1058 3482 quam;“

221 3488 289 3579 quae
309 3507 402 3562 tmesis
423 3521 510 3580 neque
532 3505 683 3567 sallustium
704 3517 755 3574 esc·
774 3523 991 3582 rrequcseusum
1012 3509 1056 3566 hc·

219 3607 274 3664 bct.
319 3607 387 3677 Quid
409 3609 477 3664 cuim
498 3608 553 3664 hcc
567 3613 631 3664 est:
657 3623 762 3676 vereor,
783 3625 817 3666 ue
839 3608 991 3682 camanum,
1013 3626 1057 3664 arr·

127 3766 132 3776 ,
219 3715 246 3764 te
267 3725 353 3781 quam·
374 3709 399 3764 ei
423 3707 486 3766 licet
507 3714 614 3780 captum
635 3708 695 3765 irei
723 3739 765 3748 -
794 3709 885 3766 Lectio
913 3706 1057 3764 incertissi-

220 3825 272 3865 ma.
295 3808 430 3866 liditicnes
458 3807 619 3881 pleraeque,
646 3816 676 3865 ut
697 3815 761 3882 puta
781 3809 926 3882 Bipcrrt:
955 3823 1060 3882 „quam
