2770 4814
575 709 785 780 ..15-

262 893 318 962 ted
341 907 405 962 tum
428 891 608 973 crudelior,
632 915 727 982 quom
748 894 922 986 plerosque
939 891 1100 960 secundae

261 1033 314 1079 res
349 1014 382 1078 iu
418 1014 656 1082 miserationem
685 1033 725 1082 ex
752 1015 803 1080 ira
829 1021 968 1080 vortunt.
1017 1009 1101 1092 Quin

261 1131 352 1198 scius
390 1135 529 1202 omnium
559 1143 634 1221 post
661 1134 845 1200 memoriam
873 1133 1099 1212 homiuum³²)

261 1249 419 1338 surppticia
453 1253 486 1315 iu
522 1258 597 1337 post
626 1249 753 1318 ficturos
791 1251 984 1338 composuit,
1028 1251 1099 1336 quis

260 1369 350 1453 prius
372 1367 506 1444 iniuria,
530 1385 628 1452 quam
645 1369 712 1432 vita
730 1376 820 1434 certo
834 1366 1001 1447 esset5³³)
1023 1386 1100 1455 pra-

261 1484 466 1568 vissumeque
498 1503 557 1570 per
588 1483 723 1550 sceleris
751 1485 976 1550 immanitatem
998 1483 1100 1550 adhuc

261 1606 346 1664 tutus
375 1597 513 1680 iuit‚³⁴)
545 1598 619 1666 dum
647 1620 708 1666 vos
737 1611 822 1668 metu
843 1601 1006 1685 gravioris
1029 1619 1099 1666 ser-

261 1716 317 1780 viti
351 1735 372 1780 a
407 1714 586 1802 repetunda
618 1715 766 1783 libertate
798 1719 969 1784 terremini.
1013 1717 1041 1801 §.
1069 1715 1100 1784 4.

263 1831 429 1916 Agendum
465 1843 560 1919 atque
597 1832 909 1922 corrumpundum,
950 1833 1100 1915 Quirites,

264 1971 304 2018 uo
335 1951 440 2040 spolia
468 1961 580 2018 vestra
603 1953 657 2035 ³⁵)
692 1971 792 2041 perrea
819 1951 894 2020 ilios
923 1952 1000 2017 siut:
1036 1969 1102 2018 uou

332 2334 382 2415 ³²)
413 2339 484 2396 Libri
513 2357 564 2397 ms.
587 2339 675 2397 solum
698 2340 853 2408 „humani“
876 2339 983 2396 hahent.
1026 2339 1103 2408 Quod

265 2457 328 2496 cum
351 2441 428 2496 nihili
449 2442 499 2508 sit,
528 2441 570 2497 vei
593 2459 654 2498 eum
677 2443 815 2500 Oreliio
838 2443 922 2500 adde:
953 2443 1103 2516 ,‚geueris“

266 2541 306 2597 uel
329 2541 406 2614 lege:
431 2542 630 2626 ‚‚homirrum“.
653 2573 696 2584 ·-

352 2653 404 2732 33)
433 2659 462 2715 id
489 2658 669 2714 Plutarchi
701 2659 764 2715 ioco
795 2658 957 2730 explicatur,
986 2659 1031 2731 qui
1059 2654 1105 2735 (in

267 2757 340 2814 Sulla
369 2752 432 2831 31)
467 2757 552 2813 haec:
594 2755 660 2814 τῶν
693 2750 756 2837 γὰρ
791 2747 1106 2837 πρσςγεγραμμὲνων

267 2845 412 2938 ἠτίμωσε
437 2848 494 2916 καὶ
523 2845 616 2930 υἱοὺς
640 2849 697 2918 καὶ
724 2848 864 2931 vituperio
884 2849 941 2918 καὶ
961 2849 1005 2918 τὰ
1024 2845 1106 2938 χρή-

266 2974 356 3033 ματα
378 2945 513 3017 πάντων
529 2947 700 3040 ἐδήμευσε.

355 3070 407 3149 ³⁴)
432 3077 469 3131 ita
489 3075 561 3132 libri.
607 3077 753 3134 (lortius
776 3075 889 3149 aliique:
912 3073 1036 3142 „iurit.“
1072 3077 1107 3134 At

268 3176 383 3248 Lepidus
405 3175 505 3232 Sullam
527 3177 638 3234 astutiae
659 3177 747 3250 arguit
768 3183 848 3252 atque
869 3175 1014 3253 perfidiaep
1039 3191 1108 3250 quae

269 3292 324 3332 nun
346 3285 407 3331 suut
429 3275 551 3332 furentis.

357 3386 409 3467 ³⁵)
439 3389 526 3447 Sall.
555 3393 612 3464 lug.
644 3393 695 3448 84.
738 3393 772 3447 m
801 3390 899 3449 Marius
920 3423 962 3437 *-
985 3393 1107 3452 dictitare

271 3509 330 3550 sese
368 3491 535 3550 consulatum
571 3506 602 3548 ex
637 3492 713 3548 uictis
748 3491 801 3548 illis
833 3493 955 3575 spolia
992 3495 1106 3566 cepisse.

272 3595 363 3651 Plut.
401 3595 491 3649 Crass.
519 3592 550 3650 2.
593 3581 723 3664 Σύλλας
749 3580 874 3654 ἐπώλει
901 3585 962 3666 τὰς
991 3581 1110 3666 οὐσίας

271 3691 336 3750 τῶν
372 3681 577 3773 ἀνηρεμένων
612 3680 670 3751 ὑπ’
699 3677 819 3765 αὐτοῦ,
855 3679 1024 3774 λάφυρα
1053 3684 1108 3752 καὶ

272 3781 411 3865 νομίζων
432 3785 488 3852 καὶ
510 3781 689 3868 ὀνομάζων.
