2770 4814
608 673 816 745 ...73-

287 869 394 937 ueret3
431 859 637 945 quodetiam
673 861 842 929 Gerlachlo
885 861 1047 949 placuisse
1064 855 1132 924 *ui-

289 975 360 1043 deo.
382 980 453 1062 ¹⁵¹)
498 978 563 1046 Sed
594 980 658 1048 tale
687 991 914 1060 commentum,
937 999 1031 1066 quam
1054 976 1128 1043 Sal-

288 1095 384 1163 lustio
407 1097 571 1184 indiguum
594 1101 651 1178 sit,
673 1100 737 1166 iam
761 1119 860 1188 supra
883 1099 1029 1186 exposui.
1061 1094 1129 1163 Ab·

287 1213 398 1280 horret
434 1219 529 1283 etium
565 1236 586 1283 u
621 1215 767 1284 Sallustii
804 1213 966 1284 scribendi
995 1217 1130 1290 ratione,

288 1353 363 1399 nam
399 1337 433 1400 in
469 1333 541 1400 aliis
579 1337 648 1403 eius
684 1335 884 1403 orationibus
920 1333 1130 1419 omnibusque

290 1453 419 1539 scriptis
449 1472 521 1520 eum
551 1455 739 1540 scriptorem
769 1471 946 1537 agnosces,
976 1453 1031 1537 qui
1053 1469 1131 1517 suas

291 1588 386 1654 quam
415 1568 539 1636 alienes
572 1573 747 1638 sententias
770 1570 917 1660 proferre
939 1568 1035 1647 malit,
1060 1570 1130 1654 qui-

258 1701 260 1706 ’
291 1706 352 1772 que
382 1687 519 1754 aliorum
546 1689 649 1756 verba
676 1693 721 1756 ita
743 1689 871 1766 reddet,
904 1698 937 1755 ut
959 1706 1019 1754 sua
1040 1684 1130 1753 uide-

290 1815 400 1870 antur:
429 1816 540 1894 utputa
561 1806 713 1874 (laeseris
744 1810 849 1875 oratio
868 1816 947 1873 tote
966 1806 1034 1873 iere
1056 1805 1131 1872 Sal-

290 1921 375 2010 lustii
406 1935 471 2002 est,
492 1928 563 2006 ¹⁵²)
592 1945 783 2013 quamquam
815 1919 957 2013 geuuiria
986 1924 1132 2012 exempla

289 2043 320 2106 iu
345 2041 490 2110 maribus
514 2055 615 2110 eraut.
631 2047 702 2127 ¹⁵³)
734 2045 842 2124 Quare
864 2043 962 2111 valde·
983 2037 1131 2108 dubitem-

292 2159 365 2226 dum
380 2171 445 2238 est,
461 2163 537 2246 quin
553 2161 727 2230 Sallustius
744 2160 846 2244 (adeo
866 2164 911 2236 si,
935 2160 1020 2247 quod
1035 2163 1132 2238 aiunt,
1220 2191 1222 2196 ·

291 2277 372 2343 haec
407 2280 510 2344 oratio
546 2299 633 2346 merc
667 2279 773 2347 edicta
805 2281 876 2360 sit)
911 2278 1016 2345 lamae
1052 2297 1131 2345 suae

292 2405 355 2461 tarn
377 2413 489 2483 parum
512 2397 719 2478 consuluerit,
735 2408 769 2466 ut
789 2399 920 2485 ingenio
935 2397 1047 2464 lreuos
1071 2395 1129 2463 ed-

384 2769 454 2838 ¹⁵¹l
479 2774 686 2831 Gerlachius
724 2776 767 2832 cit.
806 2771 907 2840 lll,53.
943 2781 969 2828 et
1005 2773 1055 2832 54.
1092 2805 1130 2815 —

296 2875 344 2933 eir,
368 2883 506 2948 practerea
528 2883 583 2934 not.
609 2875 679 2933 122.

383 3023 455 3101 ¹⁵²)
477 3027 506 3082 ln
528 3027 577 3084 hac
600 3043 706 3101 quoque
729 3026 850 3082 oratione
873 3023 1054 3097 Thucydidem
1074 3033 1135 3081 arrtc

295 3129 390 3184 oculos
412 3127 503 3184 habuit
526 3123 637 3204 (lituu
659 3121 739 3201 sq.);
769 3123 816 3182 sed
836 3124 895 3180 vide
917 3141 995 3198 quum
1017 3127 1082 3182 scite
1105 3133 1131 3181 et

295 3229 572 3286 sollerter0Graecum
594 3245 649 3284 non
671 3229 803 3293 imitetur,
826 3225 872 3282 sed
895 3233 1012 3300 superet.

325 3439 328 3445 Δ
386 3376 458 3453 ¹⁵³)
481 3377 691 3436 Plutarchus
719 3379 745 3434 in
768 3378 867 3434 Catone
889 3379 964 3434 testis
987 3387 1037 3445 est,
1061 3377 1132 3437 Cicur-

296 3497 390 3538 rouem
420 3453 521 3537 scribas
550 3479 641 3552 plures
670 3479 844 3552 disposuisse,
876 3480 921 3552 qui
952 3479 1038 3534 omniu
1074 3486 1137 3534 tuuc

296 3583 426 3655 temporis
456 3582 484 3637 in
512 3592 605 3636 senatu
634 3580 703 3637 dicta
730 3579 800 3654 uotis
828 3579 953 3636 breuibus
976 3579 1136 3650 exciperent.

203 3747 209 3760 ¹
296 3683 367 3739 llaec
389 3683 445 3740 sine
467 3681 549 3738 dubio
571 3679 725 3737 Sallustium
747 3697 800 3736 non
824 3679 962 3755 lugerent,
985 3679 1030 3753 qui
1052 3687 1138 3735 tamreu

299 3800 375 3840 more
397 3800 444 3842 sua
467 3781 545 3838 verbu
567 3781 692 3855 prolerre
714 3782 812 3840 maluit.
