2770 4814
574 631 786 702 ...74-

263 814 386 882 liberet
413 825 509 902 atque
532 819 709 883 orationem
740 836 800 886 sno
832 822 959 888 nomine
983 818 1101 900 ederet,

262 937 295 1000 in
324 954 389 1021 qua
416 932 514 1002 multa
543 933 582 1002 de
614 935 749 1002 consilio
771 935 853 1004 false
876 949 972 1028 atque
993 941 1099 1027 inepte

263 1052 450 1141 disputaret.

344 1285 388 1352 X.
431 1285 554 1366 Quibus
585 1285 685 1354 rebus
716 1287 817 1375 probe
840 1292 1027 1378 perpensis,
1055 1291 1102 1356 ita

262 1407 424 1472 existimo:
447 1406 580 1492 primum
602 1423 623 1470 a
643 1424 722 1471 vero
746 1405 885 1472 alienum
906 1407 1018 1486 videri,
1036 1406 1100 1474 Le·

262 1522 369 1610 pidum
390 1531 455 1588 tam
477 1521 662 1588 seditiosam
691 1525 868 1590 orationem
891 1523 983 1592 Sulla
1004 1545 1099 1613 prae-

262 1654 352 1708 sente
381 1650 477 1728 atque
506 1660 572 1706 rem
607 1639 765 1727 publicam
795 1652 938 1722 tenente,
972 1646 1099 1731 impune

260 1759 433 1837 hab-uiss03
463 1757 536 1824 dein
564 1758 741 1839 Plutarchi,
772 1760 910 1848 Appiani
938 1771 970 1828 et
992 1759 1100 1828 Orosii

260 1879 442 1944 testimonia
471 1895 634 1942 consensu
663 1876 755 1944 fidem
786 1878 910 1960 lacere,
945 1879 1104 1983 Lepidum

260 1996 333 2062 vivo
358 1992 450 2060 Sulla
470 1993 547 2060 nihil
570 2005 683 2062 contra
711 1997 780 2063 eius
809 2008 883 2065 aota
903 1997 1008 2085 palam
1030 2015 1098 2062 mo-

260 2113 313 2182 liri
347 2131 477 2191 ausum,
512 2133 615 2202 eaqne
645 2117 841 2195 testimonia,
870 2117 932 2182 nisi
963 2115 1099 2202 repertis
1201 2099 1203 2102 ⁵

263 2231 336 2300 aliis
366 2234 462 2300 certis
484 2242 628 2298 veterum
657 2237 846 2302 testimoniis
868 2243 986 2302 temere
1009 2242 1098 2321 post-

259 2348 389 2428 haberi3
413 2369 548 2436 quorum
571 2369 632 2434 ego
657 2351 801 2438 equidem
830 2353 938 2418 inveni
960 2351 1100 2429 nullom,

257 2466 395 2554 ideoque
417 2465 500 2532 hanc
523 2467 700 2534 orationem
722 2467 914 2534 rhetoricum
937 2472 1098 2554 specimen

260 2605 351 2664 esse,
389 2586 506 2674 optimo
544 2585 657 2652 ordine
691 2570 831 2652 fortasse
860 2587 1005 2672 magistri
1036 2605 1097 2675 ope

259 2705 488 2792 excogitatum,
518 2707 608 2772 cuins
638 2716 742 2772 tamen
771 2715 885 2794 auctor
905 2707 939 2771 in
961 2704 1096 2792 singulis

258 2822 403 2912 partibus
431 2822 471 2890 ab
500 2822 562 2890 hoc
591 2823 702 2890 ordine
732 2822 933 2902 discesserit,
967 2843 1096 2910 pamm-

258 2961 320 3028 qne
344 2940 405 3007 sibi
428 2941 613 3008 constiterit.
654 2938 780 3008 Scimus
804 2943 888 3007 enim
910 2940 1097 3007 Sallustium

257 3058 368 3147 plures
383 3061 558 3144 imitatores
573 3066 700 3126 nactum
717 3078 807 3136 esse,
825 3060 878 3146 qui
901 3077 961 3124 sua
976 3059 1096 3146 scripta

258 3179 327 3244 eius
358 3178 485 3244 nomine
512 3173 728 3255 venditarent3
754 3178 788 3244 in
811 3175 926 3262 quibus
947 3175 992 3256 Μ.
1013 3175 1095 3242 Por-

258 3297 327 3362 cius
340 3295 440 3362 Latro
463 3295 598 3384 primum
618 3293 724 3362 locum
745 3295 883 3363 meabat.
902 3293 975 3376 ¹⁵⁴)
1010 3293 1095 3360 Gon-

347 3633 420 3713 ¹⁵⁴)
442 3639 481 3696 oe
509 3639 558 3696 me
589 3655 619 3696 ce
646 3640 704 3697 vide
734 3640 771 3696 sis
800 3639 1022 3696 Gerlachium
1050 3639 1095 3694 cit.

256 3739 337 3807 ll‚23
360 3749 386 3796 et
408 3741 459 3799 24.
482 3771 523 3780 -
546 3741 736 3798 Baehrium
759 3739 804 3798 cil.
828 3733 857 3818 ξ.
883 3737 953 3797 191.
