2770 4814
597 631 804 702 ,ξη-

368 812 437 880 diu
469 815 542 882 loeo
573 817 810 886 Chaeronensis
838 816 951 888 eedem
974 823 1119 892 adhunc

283 924 350 993 iere
373 931 498 998 medum
522 937 739 1022 persequitur:
777 937 896 1016 „Sulla
923 953 997 1028 post
1025 943 1118 1010 Pom-

280 1047 345 1131 peii
374 1047 413 1113 de
443 1051 554 1118 Africa
580 1053 768 1142 tiiumphum
796 1055 920 1143 pudore
942 1071 1119 1127 commotus

282 1164 408 1246 quievit,
432 1165 569 1255 dedique
591 1191 670 1238 vere
692 1172 880 1252 eleeiionem
905 1171 1018 1262 Lepidi
1040 1197 1118 1262 gra-

281 1278 362 1344 vuer
395 1281 521 1361 ferens,
558 1287 709 1375 Pompeio
729 1308 764 1360 ¹=e
799 1292 934 1357 comitiis
977 1291 1117 1378 digredi-

282 1398 344 1462 euti
379 1399 412 1464 id
447 1402 529 1467 mele
568 1423 745 1481 cessurum,
779 1406 812 1470 iu
842 1405 916 1473 iero
950 1407 1117 1495 praedixit,

282 1530 417 1599 eumque
444 1517 478 1580 iu
506 1525 694 1583 testamento
724 1523 898 1606 praeteriit.
941 1523 1029 1590 Heee
1060 1545 1119 1592 eu-

282 1638 344 1694 tem
372 1633 522 1698 vaticinia
550 1653 623 1700 mex
651 1644 726 1722 pust
748 1633 859 1704 Sullae
889 1651 1021 1706 mertem
1043 1661 1118 1707 eve-

281 1757 405 1826 nerunt,
429 1765 498 1814 eum
513 1747 656 1837 Lepidus
677 1753 762 1816 omui
785 1752 1040 1824 dissimulatione
1061 1759 1117 1824 de-

281 1865 387 1947 posita
401 1867 512 1964 'stetim
536 1884 626 1932 erma
648 1871 770 1956 cepid.“

366 2098 577 2187 Appianas
612 2101 706 2182 uubis
743 2101 832 2166 testis
872 2101 1113 2188 copiosissimus

280 2213 381 2292 adest,
403 2217 488 2304 apud
512 2237 604 2303 quem
626 2218 706 2286 haee
726 2218 949 2284 inveniuntur:

243 2448 248 2457 '
364 2443 589 2530 „Olympiade
619 2447 678 2520 eit,
711 2449 886 2510 centesima
913 2448 1116 2531 septuagesi-

279 2569 383 2624 meet
406 2561 516 2646 quinia
538 2558 722 2647 respublica
744 2576 879 2624 romena
900 2557 993 2625 Sulla
1015 2558 1116 2624 dieta-

278 2687 348 2744 tere
377 2677 461 2744 ieeto
492 2676 535 2744 ed
563 2679 655 2762 regui
682 2677 818 2744 formem
846 2675 947 2743 rediit.
993 2673 1119 2741 Tamen

280 2793 373 2861 Sulla
394 2794 513 2882 popule
544 2796 716 2870 concessit,
745 2803 778 2859 ut
801 2791 942 2860 Tullium
965 2803 996 2859 et
1017 2791 1117 2858 Delu-

278 2911 395 2976 hellem
418 2909 571 2976 eonsules
591 2919 728 2986 crearet,
752 2907 868 2993 quibus
889 2911 959 2996 ipse
983 2908 1120 2975 dictator

278 3033 455 3111 praeesset,
488 3025 733 3110 insequendique
771 3043 855 3089 euno
877 3044 956 3089 eum
987 3023 1118 3090 Metelle

280 3140 337 3207 Pie
374 3141 488 3208 eeueul
522 3142 628 3206 creari
668 3159 786 3228 pessus
822 3149 880 3207 est.
923 3139 1006 3206 Dein
1039 3159 1118 3206 vere

279 3255 480 3322 consulatum
503 3256 586 3324 ultro
610 3256 752 3324 oblatum
774 3258 945 3335 recusavit,
962 3254 1119 3323 Servilio-

280 3391 341 3459 que
375 3371 520 3439 lsaun'eo
559 3384 589 3440 et
624 3375 725 3462 Appio
754 3372 897 3456 ‚Claudio
932 3373 1119 3440 consulibus

278 3489 396 3578 populu
421 3489 512 3570 datis,
536 3477 695 3558 summum
710 3493 878 3577 imperium
901 3490 1048 3584 deposuit
1070 3498 1118 3554 ai·

277 3629 339 3693 que
369 3611 400 3674 iu
430 3607 605 3676 Cumanum
637 3607 781 3673 secessit.
826 3601 892 3671 Sed
921 3606 973 3670 vix
1002 3602 1118 3669 abdi-
