2770 4814
625 751 837 820 ..40...

314 933 434 1002 testere
456 934 625 1020 intelliges,
652 937 680 1000 si
702 936 880 1020 tyrannidis
903 938 1054 1026 perfidiae
1077 958 1150 1007 cru-

312 1051 449 1118 delitatis
481 1051 681 1130 recorderis,
711 1071 846 1138 quorum
875 1052 968 1120 Sulla
995 1059 1152 1142 arguitur,

314 1164 483 1254 animoque
494 1169 607 1258 Lepidi
618 1170 855 1236 cohortationes
866 1180 1008 1257 repetas:
1024 1184 1152 1257 „agent

313 1301 373 1348 uec
396 1287 480 1352 rotis
504 1298 619 1375 parent
633 1287 770 1354 auxilia:
793 1289 939 1356 iniuriam
955 1287 1083 1354 solvant
1097 1299 1152 1354 aut

313 1400 492 1468 moriautur
521 1424 581 1492 per
608 1405 786 1483 virtutem,“
815 1424 951 1491 eumque
980 1403 1019 1471 de
1041 1407 1073 1470 vi
1101 1415 1150 1472 at-

313 1535 375 1601 que
392 1521 490 1585 ermis
513 1522 666 1604 cogitare,
688 1541 728 1586 ex
744 1523 931 1587 evocatione
946 1533 1047 1610 patet:
1072 1522 1150 1604 „ad-

314 1633 387 1712 sint
411 1655 512 1723 seque
535 1635 700 1704 consulem
723 1651 899 1724 sequentur
930 1639 972 1706 ad
994 1642 1151 1729 recipien-

313 1749 385 1818 dam
421 1752 630 1822 libertatem.“
694 1753 884 1824 Orationem
923 1767 1028 1822 autem
1065 1756 1152 1844 apud

313 1867 478 1936 Romanos
506 1872 607 1938 civilis
636 1873 717 1936 retio
746 1871 827 1937 haec
855 1882 942 1950 erat,
964 1883 998 1938 ut
1021 1885 1152 1940 senatus

314 1996 505 2071 rogaretur:
528 1985 682 2065 „dicenda
703 1988 894 2051 senteutiam
916 1987 987 2066 (vel
1010 1991 1151 2054 auctori-

313 2106 430 2184 tatem)
454 2105 795 2189 sequerentur,;“¹⁰³)
818 2102 956 2192 populus
978 2119 1067 2181 uero,
1091 2154 1109 2182 ‚‚
1118 2112 1152 2168 ut

314 2238 381 2285 rem
415 2219 535 2288 vellent
565 2218 840 2304 iuberent;“¹⁰⁴)
874 2239 979 2306 neque
1014 2239 1169 2322 uuquam·

316 2339 403 2403 cives
434 2358 455 2406 a
483 2343 553 2407 cive
581 2339 733 2429 appellati
755 2350 846 2419 snut,
869 2349 903 2405 ut
926 2357 1018 2424 quem
1041 2335 1153 2404 ducem

316 2466 530 2540 sequerentur
558 2455 600 2520 ed
629 2454 844 2540 recipiendam
872 2454 1068 2530 libertatem,
1091 2455 1153 2519 uisi

314 2573 347 2640 iu
376 2572 502 2662 trepide
536 2591 571 2636 re
608 2580 703 2655 atque
731 2569 897 2654 repentino
927 2567 1153 2649 tumultu.¹⁰⁵)

406 2934 476 3012 ¹⁰³)
499 2937 654 3012 Exemplum
690 2935 760 3009 apud
797 2935 1003 2991 Ciceronem
1041 2935 1155 2991 invenies

314 3038 341 3092 in
364 3037 433 3094 Phil.
456 3040 514 3106 l‚7.
537 3039 593 3095 init.

406 3134 479 3213 ¹⁰⁴)
502 3134 763 3196 Brissoniusde
801 3133 922 3190 iormulis
959 3133 1076 3199 liele
1112 3161 1156 3174 -

315 3237 425 3296 Verre
449 3239 481 3296 de
503 3237 567 3312 ling.
592 3237 636 3297 lut.
660 3234 761 3303 vedu.

406 3334 479 3413 ¹⁰⁵)
502 3339 620 3394 livius
650 3336 758 3404 ueto.
788 3335 911 3392 hortatus
933 3332 1103 3400 coniuratos,
1125 3339 1156 3388 ut

315 3464 358 3479 -—
379 3455 453 3494 orme
481 3455 572 3495 secum
602 3444 727 3512 cuperent
753 3467 797 3478 -
824 3417 851 3491 in
874 3434 962 3490 iorum
982 3433 1080 3506 pergit,
1103 3432 1154 3488 olu-

316 3537 419 3605 mituns‚
441 3539 536 3613 utqui
559 3538 656 3595 saluam
677 3535 868 3608 rempublicam
888 3533 993 3598 vellent,
1021 3539 1157 3588 auctorem

316 3647 343 3695 et
365 3639 458 3695 ducem
486 3657 515 3697 so
542 3638 670 3695 libertatis
692 3641 876 3710 sequerentur.
898 3661 941 3674 —-
962 3631 1009 3687 list
1029 3648 1081 3687 vor
1101 3647 1156 3686 non

318 3739 427 3806 civibus,
457 3740 503 3796 seri
530 3739 557 3795 in
582 3737 698 3794 exercitu
721 3744 798 3809 utque
820 3741 879 3790 mte
908 3747 1023 3804 pugnam
1052 3731 1155 3790 usitate.

321 3839 451 3896 Caesar
480 3839 605 3898 debello
628 3838 678 3894 civ.
695 3835 802 3904 lll,ill.
855 3833 1001 3900 Crastinus,
1023 3837 1156 3896 evocatus,
