<?xml version="1.0" encoding="UTF-8"?>
<!DOCTYPE html PUBLIC "-//W3C//DTD XHTML 1.0 Transitional//EN"
    "http://www.w3.org/TR/xhtml1/DTD/xhtml1-transitional.dtd">
<html xmlns="http://www.w3.org/1999/xhtml" xml:lang="en" lang="en">
 <head>
  <title>
</title>
<meta http-equiv="Content-Type" content="text/html;charset=utf-8" />
  <meta name='ocr-system' content='tesseract 3.04.00' />
  <meta name='ocr-capabilities' content='ocr_page ocr_carea ocr_par ocr_line ocrx_word'/>
</head>
<body>
  <div class='ocr_page' id='page_1' title='image "./demlepidiapudcs00fabrgoog_0040.png"; bbox 0 0 2770 4814; ppageno 0'>
   <div class='ocr_carea' id='block_1_1' title="bbox 236 919 1077 1244">
    <p class='ocr_par' dir='ltr' id='par_1_1' title="bbox 236 919 1077 1244">
     <span class='ocr_line' id='line_1_1' title="bbox 236 919 1077 1012; baseline -0.001 -22"><span class='ocrx_word' id='word_1_1' title='bbox 236 923 350 1012; x_wconf 85' lang='lat' dir='ltr'>Lepidi</span> <span class='ocrx_word' id='word_1_2' title='bbox 380 921 581 988; x_wconf 89' lang='lat' dir='ltr'>consulatum</span> <span class='ocrx_word' id='word_1_3' title='bbox 611 941 631 986; x_wconf 88' lang='lat' dir='ltr'>a</span> <span class='ocrx_word' id='word_1_4' title='bbox 661 921 819 986; x_wconf 72' lang='lat' dir='ltr'>dictatura</span> <span class='ocrx_word' id='word_1_5' title='bbox 842 939 877 986; x_wconf 87' lang='lat' dir='ltr'>so</span> <span class='ocrx_word' id='word_1_6' title='bbox 899 919 1077 998; x_wconf 63' lang='lat' dir='ltr'>ahdicaaim</span> 
     </span>
     <span class='ocr_line' id='line_1_2' title="bbox 236 1035 1074 1125; baseline -0.006 -18"><span class='ocrx_word' id='word_1_7' title='bbox 236 1041 317 1108; x_wconf 89' lang='lat' dir='ltr'>haec</span> <span class='ocrx_word' id='word_1_8' title='bbox 340 1041 443 1107; x_wconf 89' lang='lat' dir='ltr'>oratio</span> <span class='ocrx_word' id='word_1_9' title='bbox 467 1057 488 1104; x_wconf 87' lang='lat' dir='ltr'>a</span> <span class='ocrx_word' id='word_1_10' title='bbox 508 1036 630 1125; x_wconf 90' lang='lat' dir='ltr'>Lepido</span> <span class='ocrx_word' id='word_1_11' title='bbox 654 1039 844 1106; x_wconf 88' lang='lat' dir='ltr'>consulein</span> <span class='ocrx_word' id='word_1_12' title='bbox 867 1035 990 1104; x_wconf 86' lang='lat' dir='ltr'><strong>Sullam</strong></span> <span class='ocrx_word' id='word_1_13' title='bbox 1008 1036 1074 1103; x_wconf 89' lang='lat' dir='ltr'>dic-</span> 
     </span>
     <span class='ocr_line' id='line_1_3' title="bbox 237 1157 707 1244; baseline -0.006 -20"><span class='ocrx_word' id='word_1_14' title='bbox 237 1168 372 1238; x_wconf 84' lang='lat' dir='ltr'>tatorem</span> <span class='ocrx_word' id='word_1_15' title='bbox 395 1157 545 1222; x_wconf 82' lang='lat' dir='ltr'>dicineo</span> <span class='ocrx_word' id='word_1_16' title='bbox 567 1157 677 1244; x_wconf 88' lang='lat' dir='ltr'>potuit.</span> <span class='ocrx_word' id='word_1_17' title='bbox 705 1206 707 1211; x_wconf 82' lang='grc'>.</span> 
     </span>
    </p>
   </div>
   <div class='ocr_carea' id='block_1_2' title="bbox 236 1387 1077 1831">
    <p class='ocr_par' dir='ltr' id='par_1_2' title="bbox 236 1387 1077 1831">
     <span class='ocr_line' id='line_1_4' title="bbox 321 1387 1077 1476; baseline -0.001 -21"><span class='ocrx_word' id='word_1_18' title='bbox 321 1390 357 1456; x_wconf 89' lang='lat' dir='ltr'>V.</span> <span class='ocrx_word' id='word_1_19' title='bbox 379 1389 446 1456; x_wconf 87' lang='lat' dir='ltr'>Has</span> <span class='ocrx_word' id='word_1_20' title='bbox 469 1391 502 1454; x_wconf 91' lang='lat' dir='ltr'>in</span> <span class='ocrx_word' id='word_1_21' title='bbox 526 1387 641 1476; x_wconf 86' lang='lat' dir='ltr'>quibus</span> <span class='ocrx_word' id='word_1_22' title='bbox 665 1407 727 1474; x_wconf 84' lang='lat' dir='ltr'>ego</span> <span class='ocrx_word' id='word_1_23' title='bbox 749 1387 924 1455; x_wconf 81' lang='lat' dir='ltr'>haerebam</span> <span class='ocrx_word' id='word_1_24' title='bbox 941 1388 1077 1456; x_wconf 79' lang='lat' dir='ltr'>difficol-</span> 
     </span>
     <span class='ocr_line' id='line_1_5' title="bbox 237 1505 1076 1594; baseline -0.002 -20"><span class='ocrx_word' id='word_1_25' title='bbox 237 1515 319 1576; x_wconf 89' lang='lat' dir='ltr'>tates</span> <span class='ocrx_word' id='word_1_26' title='bbox 342 1507 383 1574; x_wconf 86' lang='lat' dir='ltr'>ah</span> <span class='ocrx_word' id='word_1_27' title='bbox 407 1508 479 1574; x_wconf 86' lang='lat' dir='ltr'>aliis</span> <span class='ocrx_word' id='word_1_28' title='bbox 501 1505 684 1575; x_wconf 85' lang='lat' dir='ltr'>iamdudum</span> <span class='ocrx_word' id='word_1_29' title='bbox 706 1506 895 1594; x_wconf 82' lang='lat' dir='ltr'>explanatas</span> <span class='ocrx_word' id='word_1_30' title='bbox 919 1525 993 1573; x_wconf 83' lang='lat' dir='ltr'>csse</span> <span class='ocrx_word' id='word_1_31' title='bbox 1022 1526 1076 1572; x_wconf 88' lang='lat' dir='ltr'>ra-</span> 
     </span>
     <span class='ocr_line' id='line_1_6' title="bbox 236 1625 1077 1713; baseline 0 -23"><span class='ocrx_word' id='word_1_32' title='bbox 236 1636 306 1702; x_wconf 86' lang='lat' dir='ltr'>tus,</span> <span class='ocrx_word' id='word_1_33' title='bbox 336 1645 393 1713; x_wconf 88' lang='lat' dir='ltr'>spe</span> <span class='ocrx_word' id='word_1_34' title='bbox 421 1627 541 1692; x_wconf 89' lang='lat' dir='ltr'>inuno</span> <span class='ocrx_word' id='word_1_35' title='bbox 565 1625 731 1711; x_wconf 87' lang='lat' dir='ltr'>alteroque</span> <span class='ocrx_word' id='word_1_36' title='bbox 752 1625 943 1704; x_wconf 76' lang='lat' dir='ltr'>frustratos,</span> <span class='ocrx_word' id='word_1_37' title='bbox 967 1641 1077 1690; x_wconf 87' lang='lat' dir='ltr'>omnes</span> 
     </span>
     <span class='ocr_line' id='line_1_7' title="bbox 240 1739 871 1831; baseline 0 -25"><span class='ocrx_word' id='word_1_38' title='bbox 240 1739 392 1831; x_wconf 82' lang='lat' dir='ltr'>deinceps</span> <span class='ocrx_word' id='word_1_39' title='bbox 416 1759 498 1828; x_wconf 88' lang='lat' dir='ltr'>quos</span> <span class='ocrx_word' id='word_1_40' title='bbox 520 1742 610 1830; x_wconf 83' lang='lat' dir='ltr'>potui</span> <span class='ocrx_word' id='word_1_41' title='bbox 630 1739 733 1810; x_wconf 83' lang='lat' dir='ltr'>libros</span> <span class='ocrx_word' id='word_1_42' title='bbox 755 1742 871 1808; x_wconf 79' lang='lat' dir='ltr'>evolvi.</span> 
     </span>
    </p>
   </div>
   <div class='ocr_carea' id='block_1_3' title="bbox 236 1971 1078 2647">
    <p class='ocr_par' dir='ltr' id='par_1_3' title="bbox 236 1971 1078 2647">
     <span class='ocr_line' id='line_1_8' title="bbox 252 1971 1077 2062; baseline -0.004 -21"><span class='ocrx_word' id='word_1_43' title='bbox 252 1991 254 1998; x_wconf 80' lang='grc'><em>’</em></span> <span class='ocrx_word' id='word_1_44' title='bbox 320 1974 386 2042; x_wconf 91' lang='lat' dir='ltr'>Sed</span> <span class='ocrx_word' id='word_1_45' title='bbox 408 1976 568 2053; x_wconf 88' lang='lat' dir='ltr'>historici,</span> <span class='ocrx_word' id='word_1_46' title='bbox 599 1975 654 2062; x_wconf 88' lang='lat' dir='ltr'>qni</span> <span class='ocrx_word' id='word_1_47' title='bbox 682 1993 734 2040; x_wconf 87' lang='lat' dir='ltr'>res</span> <span class='ocrx_word' id='word_1_48' title='bbox 756 1971 809 2039; x_wconf 85' lang='lat' dir='ltr'>vel</span> <span class='ocrx_word' id='word_1_49' title='bbox 830 1975 927 2040; x_wconf 89' lang='lat' dir='ltr'>totius</span> <span class='ocrx_word' id='word_1_50' title='bbox 949 1972 1077 2040; x_wconf 89' lang='lat' dir='ltr'>humani</span> 
     </span>
     <span class='ocr_line' id='line_1_9' title="bbox 237 2089 1077 2179; baseline -0.002 -21"><span class='ocrx_word' id='word_1_51' title='bbox 237 2095 366 2178; x_wconf 80' lang='lat' dir='ltr'>generis</span> <span class='ocrx_word' id='word_1_52' title='bbox 396 2093 604 2160; x_wconf 89' lang='lat' dir='ltr'>communiter</span> <span class='ocrx_word' id='word_1_53' title='bbox 633 2091 770 2179; x_wconf 80' lang='lat' dir='ltr'>amplexi</span> <span class='ocrx_word' id='word_1_54' title='bbox 798 2099 871 2156; x_wconf 89' lang='lat' dir='ltr'>sunt</span> <span class='ocrx_word' id='word_1_55' title='bbox 899 2089 950 2155; x_wconf 86' lang='lat' dir='ltr'>rel</span> <span class='ocrx_word' id='word_1_56' title='bbox 982 2092 1077 2156; x_wconf 89' lang='lat' dir='ltr'>unios</span> 
     </span>
     <span class='ocr_line' id='line_1_10' title="bbox 237 2207 1075 2299; baseline -0.006 -22"><span class='ocrx_word' id='word_1_57' title='bbox 237 2211 347 2299; x_wconf 91' lang='lat' dir='ltr'>popnli</span> <span class='ocrx_word' id='word_1_58' title='bbox 384 2212 508 2276; x_wconf 90' lang='lat' dir='ltr'>romani</span> <span class='ocrx_word' id='word_1_59' title='bbox 545 2209 711 2275; x_wconf 84' lang='lat' dir='ltr'>historiam</span> <span class='ocrx_word' id='word_1_60' title='bbox 748 2209 961 2296; x_wconf 86' lang='lat' dir='ltr'>scripserunt,</span> <span class='ocrx_word' id='word_1_61' title='bbox 998 2207 1075 2274; x_wconf 91' lang='lat' dir='ltr'>nihil</span> 
     </span>
     <span class='ocr_line' id='line_1_11' title="bbox 236 2322 1078 2412; baseline -0.004 -19"><span class='ocrx_word' id='word_1_62' title='bbox 236 2327 305 2393; x_wconf 87' lang='lat' dir='ltr'>iere</span> <span class='ocrx_word' id='word_1_63' title='bbox 328 2335 471 2404; x_wconf 87' lang='lat' dir='ltr'>narrant,</span> <span class='ocrx_word' id='word_1_64' title='bbox 494 2326 566 2404; x_wconf 91' lang='lat' dir='ltr'>nisi,</span> <span class='ocrx_word' id='word_1_65' title='bbox 588 2322 744 2412; x_wconf 90' lang='lat' dir='ltr'>Lepidum</span> <span class='ocrx_word' id='word_1_66' title='bbox 764 2327 838 2392; x_wconf 84' lang='lat' dir='ltr'>vivo</span> <span class='ocrx_word' id='word_1_67' title='bbox 862 2322 965 2389; x_wconf 90' lang='lat' dir='ltr'>adhuc</span> <span class='ocrx_word' id='word_1_68' title='bbox 985 2322 1078 2390; x_wconf 88' lang='lat' dir='ltr'>Sulla</span> 
     </span>
     <span class='ocr_line' id='line_1_12' title="bbox 238 2439 1075 2530; baseline -0.002 -22"><span class='ocrx_word' id='word_1_69' title='bbox 238 2442 290 2509; x_wconf 85' lang='lat' dir='ltr'>vei</span> <span class='ocrx_word' id='word_1_70' title='bbox 313 2463 385 2509; x_wconf 84' lang='lat' dir='ltr'>mon</span> <span class='ocrx_word' id='word_1_71' title='bbox 407 2452 482 2530; x_wconf 92' lang='lat' dir='ltr'>post</span> <span class='ocrx_word' id='word_1_72' title='bbox 504 2439 737 2510; x_wconf 79' lang='lat' dir='ltr'>abdicationem</span> <span class='ocrx_word' id='word_1_73' title='bbox 752 2441 917 2509; x_wconf 87' lang='lat' dir='ltr'>consulem</span> <span class='ocrx_word' id='word_1_74' title='bbox 933 2451 1075 2507; x_wconf 86' lang='lat' dir='ltr'>creatum</span> 
     </span>
     <span class='ocr_line' id='line_1_13' title="bbox 237 2558 1075 2647; baseline -0.004 -21"><span class='ocrx_word' id='word_1_75' title='bbox 237 2561 306 2627; x_wconf 88' lang='lat' dir='ltr'>cios</span> <span class='ocrx_word' id='word_1_76' title='bbox 334 2569 407 2626; x_wconf 86' lang='lat' dir='ltr'>acta</span> <span class='ocrx_word' id='word_1_77' title='bbox 435 2558 620 2626; x_wconf 82' lang='lat' dir='ltr'>rescindere</span> <span class='ocrx_word' id='word_1_78' title='bbox 638 2559 791 2627; x_wconf 76' lang='lat' dir='ltr'>voluisse.</span> <span class='ocrx_word' id='word_1_79' title='bbox 811 2561 863 2632; x_wconf 78' lang='lat'>⁸⁸)</span> <span class='ocrx_word' id='word_1_80' title='bbox 906 2558 1075 2647; x_wconf 81' lang='lat' dir='ltr'>Perpadci,</span> 
     </span>
    </p>
   </div>
   <div class='ocr_carea' id='block_1_4' title="bbox 150 2897 1149 3980">
    <p class='ocr_par' dir='ltr' id='par_1_4' title="bbox 150 2897 1149 3896">
     <span class='ocr_line' id='line_1_14' title="bbox 326 2897 1072 2999; baseline 0 -17"><span class='ocrx_word' id='word_1_81' title='bbox 326 2921 378 2999; x_wconf 77' lang='grc'>88)</span> <span class='ocrx_word' id='word_1_82' title='bbox 401 2921 522 2982; x_wconf 76' lang='lat' dir='ltr'>norim</span> <span class='ocrx_word' id='word_1_83' title='bbox 543 2923 657 2980; x_wconf 75' lang='lat' dir='ltr'>risone</span> <span class='ocrx_word' id='word_1_84' title='bbox 680 2927 722 2983; x_wconf 72' lang='lat' dir='ltr'>eo.</span> <span class='ocrx_word' id='word_1_85' title='bbox 747 2923 837 2982; x_wconf 86' lang='lat'>1818.</span> <span class='ocrx_word' id='word_1_86' title='bbox 860 2897 1007 2990; x_wconf 74' lang='lat' dir='ltr'>vitiare.</span> <span class='ocrx_word' id='word_1_87' title='bbox 1029 2913 1072 2963; x_wconf 90' lang='lat'>-&#39;</span> 
     </span>
     <span class='ocr_line' id='line_1_15' title="bbox 238 3013 1074 3100; baseline -0.004 -18"><span class='ocrx_word' id='word_1_88' title='bbox 238 3025 386 3082; x_wconf 83' lang='lat' dir='ltr'>Crevier</span> <span class='ocrx_word' id='word_1_89' title='bbox 420 3013 483 3082; x_wconf 89' lang='lat' dir='ltr'>hist.</span> <span class='ocrx_word' id='word_1_90' title='bbox 514 3040 584 3079; x_wconf 88' lang='lat' dir='ltr'>rom.</span> <span class='ocrx_word' id='word_1_91' title='bbox 616 3023 707 3086; x_wconf 87' lang='grc'>1776.</span> <span class='ocrx_word' id='word_1_92' title='bbox 737 3025 848 3093; x_wconf 88' lang='grc'>11,331.</span> <span class='ocrx_word' id='word_1_93' title='bbox 875 3019 1074 3100; x_wconf 70' lang='lat' dir='ltr'>—&#39;Fergu·</span> 
     </span>
     <span class='ocr_line' id='line_1_16' title="bbox 236 3123 1076 3207; baseline -0.002 -25"><span class='ocrx_word' id='word_1_94' title='bbox 236 3144 299 3183; x_wconf 92' lang='lat' dir='ltr'>son</span> <span class='ocrx_word' id='word_1_95' title='bbox 327 3125 431 3202; x_wconf 71' lang='lat' dir='ltr'>history</span> <span class='ocrx_word' id='word_1_96' title='bbox 459 3124 490 3181; x_wconf 88' lang='lat' dir='ltr'>oi</span> <span class='ocrx_word' id='word_1_97' title='bbox 515 3123 561 3178; x_wconf 87' lang='lat' dir='ltr'>the</span> <span class='ocrx_word' id='word_1_98' title='bbox 591 3140 684 3181; x_wconf 87' lang='lat' dir='ltr'>roman</span> <span class='ocrx_word' id='word_1_99' title='bbox 713 3142 771 3198; x_wconf 87' lang='lat' dir='ltr'>rep.</span> <span class='ocrx_word' id='word_1_100' title='bbox 802 3123 893 3181; x_wconf 89' lang='grc'>1783.</span> <span class='ocrx_word' id='word_1_101' title='bbox 924 3123 1004 3191; x_wconf 70' lang='lat' dir='ltr'>liii.</span> <span class='ocrx_word' id='word_1_102' title='bbox 1032 3155 1076 3207; x_wconf 43' lang='grc' dir='ltr'>ᾗ·</span> 
     </span>
     <span class='ocr_line' id='line_1_17' title="bbox 235 3211 1075 3308; baseline -0.005 -24"><span class='ocrx_word' id='word_1_103' title='bbox 235 3227 418 3300; x_wconf 88' lang='lat' dir='ltr'>Levesque</span> <span class='ocrx_word' id='word_1_104' title='bbox 452 3223 565 3280; x_wconf 87' lang='lat' dir='ltr'>histoire</span> <span class='ocrx_word' id='word_1_105' title='bbox 602 3224 715 3299; x_wconf 88' lang='lat' dir='ltr'>critique</span> <span class='ocrx_word' id='word_1_106' title='bbox 750 3221 783 3281; x_wconf 91' lang='lat' dir='ltr'>de</span> <span class='ocrx_word' id='word_1_107' title='bbox 815 3223 840 3280; x_wconf 83' lang='lat' dir='ltr'>la</span> <span class='ocrx_word' id='word_1_108' title='bbox 868 3211 1075 3308; x_wconf 33' lang='lat' dir='ltr'>repuhlsroml.</span> 
     </span>
     <span class='ocr_line' id='line_1_18' title="bbox 238 3315 1075 3390; baseline 0 -9"><span class='ocrx_word' id='word_1_109' title='bbox 238 3324 329 3382; x_wconf 85' lang='lat'><strong>1807.</strong></span> <span class='ocrx_word' id='word_1_110' title='bbox 352 3324 383 3390; x_wconf 92' lang='lat' dir='ltr'>il,</span> <span class='ocrx_word' id='word_1_111' title='bbox 405 3321 537 3381; x_wconf 62' lang='grc'>451-</span> <span class='ocrx_word' id='word_1_112' title='bbox 553 3323 681 3381; x_wconf 84' lang='lat' dir='ltr'>Gatrou</span> <span class='ocrx_word' id='word_1_113' title='bbox 704 3333 730 3381; x_wconf 86' lang='lat' dir='ltr'>et</span> <span class='ocrx_word' id='word_1_114' title='bbox 750 3323 898 3381; x_wconf 78' lang='lat' dir='ltr'>Rouiiid</span> <span class='ocrx_word' id='word_1_115' title='bbox 920 3315 1075 3388; x_wconf 72' lang='lat' dir='ltr'>hist.&#39;roni.</span> 
     </span>
     <span class='ocr_line' id='line_1_19' title="bbox 238 3415 1075 3490; baseline -0.004 -7"><span class='ocrx_word' id='word_1_116' title='bbox 238 3423 329 3484; x_wconf 83' lang='grc'>1730.</span> <span class='ocrx_word' id='word_1_117' title='bbox 353 3423 406 3490; x_wconf 83' lang='lat' dir='ltr'>XV,</span> <span class='ocrx_word' id='word_1_118' title='bbox 425 3422 498 3480; x_wconf 81' lang='grc'>258.</span> <span class='ocrx_word' id='word_1_119' title='bbox 520 3453 562 3462; x_wconf 83' lang='lat'>—</span> <span class='ocrx_word' id='word_1_120' title='bbox 584 3423 711 3481; x_wconf 79' lang='lat' dir='ltr'>Vereor</span> <span class='ocrx_word' id='word_1_121' title='bbox 731 3426 795 3482; x_wconf 83' lang='lat' dir='ltr'>hisi.</span> <span class='ocrx_word' id='word_1_122' title='bbox 813 3423 864 3480; x_wconf 63' lang='lat' dir='ltr'>sdes</span> <span class='ocrx_word' id='word_1_123' title='bbox 888 3415 980 3481; x_wconf 53' lang='lat' dir='ltr'>revel}</span> <span class='ocrx_word' id='word_1_124' title='bbox 995 3425 1028 3481; x_wconf 81' lang='lat' dir='ltr'>de</span> <span class='ocrx_word' id='word_1_125' title='bbox 1051 3425 1075 3480; x_wconf 80' lang='lat' dir='ltr'>la</span> 
     </span>
     <span class='ocr_line' id='line_1_20' title="bbox 236 3503 1074 3599; baseline -0.005 -17"><span class='ocrx_word' id='word_1_126' title='bbox 236 3525 295 3599; x_wconf 76' lang='lat' dir='ltr'>rep.</span> <span class='ocrx_word' id='word_1_127' title='bbox 319 3541 387 3582; x_wconf 91' lang='lat' dir='ltr'>rorn.</span> <span class='ocrx_word' id='word_1_128' title='bbox 420 3519 462 3578; x_wconf 89' lang='lat' dir='ltr'>ed.</span> <span class='ocrx_word' id='word_1_129' title='bbox 494 3519 585 3580; x_wconf 87' lang='grc'>1819.</span> <span class='ocrx_word' id='word_1_130' title='bbox 612 3522 735 3589; x_wconf 75' lang='grc'>111125.</span> <span class='ocrx_word' id='word_1_131' title='bbox 762 3503 1074 3597; x_wconf 59' lang='lat' dir='ltr'>—&#39;·dieuport··hit</span> 
     </span>
     <span class='ocr_line' id='line_1_21' title="bbox 236 3621 1149 3698; baseline 0.002 -18"><span class='ocrx_word' id='word_1_132' title='bbox 236 3627 318 3682; x_wconf 88' lang='lat' dir='ltr'>storia</span> <span class='ocrx_word' id='word_1_133' title='bbox 340 3626 408 3698; x_wconf 90' lang='lat' dir='ltr'>reip.</span> <span class='ocrx_word' id='word_1_134' title='bbox 432 3631 459 3680; x_wconf 88' lang='lat' dir='ltr'>et</span> <span class='ocrx_word' id='word_1_135' title='bbox 480 3623 544 3695; x_wconf 86' lang='lat' dir='ltr'>imp.</span> <span class='ocrx_word' id='word_1_136' title='bbox 568 3639 637 3680; x_wconf 88' lang='lat' dir='ltr'>rom.</span> <span class='ocrx_word' id='word_1_137' title='bbox 663 3623 754 3684; x_wconf 85' lang='grc'>1723.</span> <span class='ocrx_word' id='word_1_138' title='bbox 778 3623 947 3693; x_wconf 80' lang='lat' dir='ltr'>11‚aoa.--</span> <span class='ocrx_word' id='word_1_139' title='bbox 967 3621 1074 3680; x_wconf 72' lang='lat' dir='ltr'>auen-t</span> <span class='ocrx_word' id='word_1_140' title='bbox 1146 3674 1149 3682; x_wconf 89' lang='lat'>.</span> 
     </span>
     <span class='ocr_line' id='line_1_22' title="bbox 150 3715 1074 3798; baseline -0.002 -18"><span class='ocrx_word' id='word_1_141' title='bbox 150 3749 152 3754; x_wconf 95' lang='lat'>·</span> <span class='ocrx_word' id='word_1_142' title='bbox 234 3724 316 3780; x_wconf 84' lang='lat' dir='ltr'>holz</span> <span class='ocrx_word' id='word_1_143' title='bbox 338 3725 438 3796; x_wconf 84' lang='lat' dir='ltr'>philos.</span> <span class='ocrx_word' id='word_1_144' title='bbox 461 3723 699 3798; x_wconf 80' lang='lat' dir='ltr'>Untersuohungen</span> <span class='ocrx_word' id='word_1_145' title='bbox 714 3715 790 3782; x_wconf 83' lang='lat' dir='ltr'>¹dher</span> <span class='ocrx_word' id='word_1_146' title='bbox 812 3725 853 3782; x_wconf 86' lang='lat' dir='ltr'>die</span> <span class='ocrx_word' id='word_1_147' title='bbox 882 3726 952 3778; x_wconf 84' lang='lat' dir='ltr'>rdnt.</span> <span class='ocrx_word' id='word_1_148' title='bbox 976 3722 1074 3778; x_wconf 66' lang='lat' dir='ltr'>Geschss</span> 
     </span>
     <span class='ocr_line' id='line_1_23' title="bbox 238 3821 1077 3896; baseline -0.002 -16"><span class='ocrx_word' id='word_1_149' title='bbox 238 3821 329 3880; x_wconf 85' lang='grc'>1819.</span> <span class='ocrx_word' id='word_1_150' title='bbox 360 3823 471 3889; x_wconf 71' lang='lat' dir='ltr'>litae.</span> <span class='ocrx_word' id='word_1_151' title='bbox 494 3853 535 3863; x_wconf 94' lang='lat'><em>-</em></span> <span class='ocrx_word' id='word_1_152' title='bbox 558 3823 670 3896; x_wconf 79' lang='lat' dir='ltr'>segur</span> <span class='ocrx_word' id='word_1_153' title='bbox 697 3826 809 3884; x_wconf 85' lang='lat' dir='ltr'>histoire</span> <span class='ocrx_word' id='word_1_154' title='bbox 837 3839 906 3887; x_wconf 82' lang='lat' dir='ltr'>rom·</span> <span class='ocrx_word' id='word_1_155' title='bbox 932 3821 1024 3882; x_wconf 82' lang='lat'><strong>1825.</strong></span> <span class='ocrx_word' id='word_1_156' title='bbox 1046 3823 1077 3891; x_wconf 91' lang='grc'>11,</span> 
     </span>
    </p>

    <p class='ocr_par' dir='ltr' id='par_1_5' title="bbox 887 3922 906 3980">
     <span class='ocr_line' id='line_1_24' title="bbox 887 3922 906 3980; baseline 0 0"><span class='ocrx_word' id='word_1_157' title='bbox 887 3922 906 3980; x_wconf 85' lang='grc'>3</span> 
     </span>
    </p>
   </div>
   <div class='ocr_carea' id='block_1_5' title="bbox 0 0 1390 4814">
    <p class='ocr_par' dir='ltr' id='par_1_6' title="bbox 0 0 1390 4814">
     <span class='ocr_line' id='line_1_25' title="bbox 0 0 1390 4814; baseline 0 0"><span class='ocrx_word' id='word_1_158' title='bbox 0 0 1390 4814; x_wconf 95' lang='lat' dir='ltr'> </span> 
     </span>
    </p>
   </div>
  </div>
 </body>
</html>
