2770 4814
553 763 760 837 ..pp-

240 951 463 1042 proietandum
497 971 602 1040 neque
640 956 722 1020 vods
759 951 905 1042 paranda
941 947 1075 1020 auxillo:

240 1073 302 1138 nisi
329 1070 410 1136 sorte
438 1071 576 1159 speretis
600 1069 739 1142 taedium
760 1071 823 1135 iam
847 1081 901 1136 aut
922 1071 1077 1158 pudorem

239 1185 416 1272 tyrannidis
451 1186 562 1255 Sullae
597 1205 672 1255 esse
707 1197 739 1254 et
776 1207 847 1254 eum
882 1206 941 1275 per
969 1186 1076 1254 scelus

239 1312 398 1391 ooeupata
434 1304 648 1392 periculosius
683 1305 895 1372 dimissurum.
944 1304 986 1370 At
1021 1302 1076 1370 ille

239 1439 277 1488 eo
307 1423 482 1508 prooessit,
512 1432 546 1488 ut
575 1421 651 1488 nihil
680 1422 859 1508 gloriosum
887 1423 949 1488 nisi
977 1431 1076 1487 tutum

238 1548 270 1605 et
291 1540 399 1605 omnia
419 1539 606 1605 retinendae
626 1537 850 1605 dominationis
864 1541 917 1622 86)
939 1538 1077 1605 honesta

238 1664 402 1724 aestumat.
452 1655 562 1744 ltaque
596 1657 653 1725 illo
689 1658 780 1744 quies
815 1668 847 1723 et
882 1658 978 1723 otium
1006 1676 1076 1723 oum

237 1772 401 1850 libertate,
431 1792 514 1859 quae
546 1774 634 1840 multi
663 1774 757 1862 probi
779 1776 885 1861 potius
909 1794 1003 1860 quam
1024 1771 1074 1839 la-

237 1889 348 1954 borem
386 1907 457 1954 eum
492 1889 670 1956 honoribus
702 1889 944 1978 oapessebant,
986 1888 1076 1955 nulla

238 2005 384 2088 nuntii)
428 2003 696 2093 Heetempestate
720 2005 926 2072 serviundum
948 2008 1073 2072 autim-

236 2121 446 2211 peritandum,
467 2122 636 2189 habendus
665 2133 714 2188 est
741 2132 844 2190 metus
867 2132 921 2188 aut
949 2121 1073 2189 iaciun-

237 2237 313 2319 dus,
335 2238 485 2320 Quirites.
523 2237 602 2307 Nam
630 2240 706 2326 quid
734 2239 844 2306 ultra?
867 2259 992 2326 quaeve
1014 2240 1073 2307 hu·

236 2376 332 2424 mana
367 2368 522 2445 superent
555 2369 610 2426 aut
624 2365 629 2372 “
645 2357 754 2426 divina
781 2356 948 2446 impollute
977 2360 1073 2426 suntl

235 2471 378 2560 Populus
395 2492 557 2553 romanus,
579 2473 688 2563 paullo
712 2485 786 2542 ente
809 2477 951 2560 gentium
962 2475 1072 2542 mode-

236 2598 341 2668 rator,
370 2599 485 2658 exutus
517 2591 650 2680 imperio
674 2589 781 2678 glorie
801 2593 889 2687 iure,
904 2593 972 2676 311·)
1002 2594 1072 2678 agi-

300 2923 352 3003 Η)
383 2929 549 2986 Burnoul
575 2929 700 3003 supplet:
731 2935 874 2997 „eausa.“
918 2931 1070 3004 Perperam.

233 3027 307 3088 Sall..
321 3029 421 3087 Catil.
445 3029 475 3089 6.
498 3030 602 3103 regium
623 3031 764 3104 imperium
779 3029 975 3087 conservandae
990 3029 1070 3088 liber·

233 3130 295 3188 tutis
318 3129 415 3186 luerat.
450 3147 453 3154 ’

319 3243 371 3322 Η)
415 3245 552 3318 Intellige:
589 3261 644 3302 non
679 3252 751 3302 sunt.
801 3245 839 3302 lta
877 3244 980 3327 Catil.
1018 3243 1071 3304 29.

232 3347 344 3417 „nulli
366 3363 458 3405 earum
480 3363 571 3404 rerum
593 3345 698 3403 eonsuli
719 3345 759 3404 ius
783 3349 884 3417 esse;“
907 3346 952 3404 uhi
974 3347 1070 3403 videris

233 3448 419 3507 Kritzium.

323 3557 390 3639 ΜΕ)
412 3563 452 3622 Ad
473 3564 634 3620 imminutam
650 3563 819 3619 comitiorum
835 3569 994 3636 potestatem
1009 3578 1068 3633 per·

230 3665 314 3736 tinet3
338 3679 434 3738 nempe
456 3665 498 3722 ius
520 3661 677 3736 pontificum
700 3663 891 3729 creandorum,
915 3677 1005 3718 rerum
1028 3677 1079 3718 oa·

230 3766 348 3839 pitelium
369 3763 508 3830 iudicium,
531 3762 673 3835 legumque
695 3761 859 3819 sanctionem
873 3761 906 3820 iis
920 3763 1067 3820 ademerat.

231 3865 467 3939 Gdttlingius.
491 3864 509 3921 l.
533 3881 558 3919 e.
582 3857 693 3941 §.tea
