2770 4814
623 655 829 724 μω..

301 845 511 933 quirebantur
552 854 656 910 autern
698 840 852 910 eiusmodi
884 842 1048 906 orationes
1079 841 1137 906 im-

300 974 483 1053 peratorum
528 972 680 1049 tempore,
725 981 788 1048 quo
832 960 1006 1026 ditissimus
1042 969 1138 1048 atque

301 1083 500 1148 clarissimus
523 1083 659 1167 quisque
680 1081 847 1167 imperium
869 1077 1019 1146 allectare
1042 1088 1073 1145 et
1097 1077 1139 1145 ad

300 1212 424 1288 tempus
446 1210 579 1288 paratas
608 1201 772 1265 orationes
794 1199 828 1265 in
849 1209 996 1286 promptu
1018 1197 1139 1265 hahere

301 1318 465 1397 solebant,
494 1317 609 1405 quibus
637 1319 670 1382 in
693 1316 894 1403 alloquendis
917 1316 1066 1400 militibus
1088 1315 1140 1382 vel

302 1436 425 1504 civibus
460 1446 634 1504 uterentur.
654 1438 726 1520 ¹⁵⁵)
769 1433 859 1501 Unde
895 1417 989 1500 etiam
1022 1434 1140 1500 facttum
1167 1422 1172 1430 ’

300 1554 441 1634 videtur,
470 1564 504 1621 ut
533 1553 615 1620 haec
644 1555 748 1620 oratio
771 1564 885 1620 contra
906 1554 953 1620 rei
975 1554 1140 1619 veritatem

301 1675 334 1738 in
357 1671 480 1740 Sullam
507 1671 627 1751 efficta,
660 1671 779 1763 aliquid
806 1674 882 1758 vagi
911 1682 1007 1758 atque
1028 1673 1141 1738 incerti

301 1791 427 1870 habeat,
456 1801 488 1858 et
511 1793 623 1879 paucis
645 1790 744 1858 relius
766 1801 862 1878 atque
885 1792 1049 1858 sententiis
1072 1811 1141 1856 mu-

301 1913 385 1988 tatis
407 1913 439 1976 in
462 1929 681 1998 quemcunque
705 1929 836 1976 saevum
855 1921 950 1998 atque
972 1908 1141 1975 violentem

303 2040 471 2112 tyrannum
502 2029 646 2116 quadret.
690 2029 842 2114 Quisquis
873 2039 977 2094 autem
999 2027 1052 2093 ille
1074 2026 1141 2104 tuit,

303 2149 356 2232 qui
388 2167 457 2213 eam
484 2149 629 2234 scripsit,
664 2145 809 2213 Sallustii
831 2145 1041 2212 elocutionem
1070 2145 1142 2212 dili-

303 2275 417 2349 genter
447 2263 630 2343 edidicerat,
650 2265 722 2348 ¹³⁶)
745 2265 879 2350 einsqno
900 2265 1072 2350 genuinam
1093 2263 1142 2330 hi-

393 2687 465 2768 155)
488 2690 566 2746 'leste
588 2690 762 2748 Suetonio
785 2691 894 2747 inlito
917 2707 976 2765 cap.
1000 2689 1029 2749 o.
1054 2692 1141 2748 Caeci·

196 2783 217 2804 '⁸
304 2807 364 2846 nam
379 2822 421 2829 —
437 2790 545 2847 coniodi
567 2791 658 2861 iussit3
681 2807 744 2847 sane
765 2801 878 2863 urgente
900 2791 1060 2859 discrimine,
1082 2809 1144 2848 cunt

278 2957 282 2962 Ι
305 2893 382 2948 etiarn
411 2892 619 2964 chirographum
650 2891 706 2948 eius
737 2899 910 2965 praeparatae
945 2893 1015 2964 apud
1048 2894 1144 2950 milites

305 2993 444 3050 concionis
472 2991 700 3065 deprehendisset.
750 2992 822 3049 idem
850 2993 877 3048 in
905 2993 1053 3049 llomitiano
1084 3011 1143 3066 cap.

308 3095 357 3152 to.
381 3093 538 3165 Complures
568 3093 715 3149 interemit:
737 3123 781 3132 -—
801 3094 909 3150 lletinrn
929 3093 1144 3174 Pompusianum,

306 3195 378 3268 quod
406 3193 504 3250 habere
531 3194 727 3267 imperatoriam
755 3194 865 3266 genesin
892 3194 972 3269 vulgo
1002 3195 1145 3264 ferebatur,

306 3294 504 3368 concionesque
535 3309 629 3368 regum
659 3311 691 3352 ac
727 3295 824 3353 ducum
860 3312 893 3354 ex
921 3294 994 3380 Liuio
1031 3296 1144 3354 circum·

306 3395 389 3452 ierret
399 3432 504 3448 ......

396 3577 469 3656 ¹³⁶)
493 3579 692 3655 Colligebantur
719 3583 788 3638 enirn
819 3581 988 3639 auctoribus
1017 3563 1154 3640 elocutio-⁴

307 3701 370 3740 num
392 3700 425 3740 ex
447 3682 566 3743 classicis
588 3681 765 3754 scriptoribus
788 3682 921 3756 exempla3
944 3683 1019 3739 cuius
1041 3685 1147 3756 generis

308 3783 407 3842 librum
428 3792 535 3858 praeter
562 3781 629 3840 alios
652 3782 767 3839 coniecit
788 3783 974 3842 Amsianus
996 3784 1146 3842 liessus.
1192 3843 1196 3850 ,
