2770 4814
594 643 801 713 -54..

362 821 417 892 His
429 823 564 908 tlcnluua
574 829 698 894 arcarlit
712 829 934 896 luliusllns
945 853 964 897 u
975 851 1119 918 peran-

283 942 312 1004 ti
325 961 342 1006 u
357 963 385 1014 s,
409 942 462 1024 qui
473 939 619 1008 Sallustii
633 944 838 1013 historiarum
856 946 957 1012 libros
971 950 1005 1012 iu
1024 947 1121 1014 brcvc

285 1055 503 1142 compendium
520 1059 658 1146 redegit,
683 1060 723 1127 ob
740 1081 874 1147 caroque
891 1080 1021 1128 causam
1038 1063 1123 1130 haud

286 1174 432 1256 cniguam
469 1179 690 1246 auctoritatam
728 1179 788 1246 sibi
823 1175 970 1243 vindicat.
1016 1178 1124 1243 Verba

283 1299 387 1353 artam
409 1291 480 1355 cius
502 1291 544 1356 ob
567 1295 703 1372 nimiam,
720 1297 777 1362 'oui
799 1293 914 1364 studet,
936 1290 1122 1358 brevitatem

285 1406 387 1470 minus
410 1406 509 1481 clarc,
532 1426 603 1473 cum
626 1410 761 1474 aliorum
777 1406 1017 1472 narrationibus
1034 1427 1121 1474 oom-

287 1532 408 1606 parata
437 1539 503 1586 rom
534 1541 627 1607 quam
657 1522 744 1597 dico,
776 1517 936 1588 alhrmare
965 1523 1122 1593 videntur.

286 1635 393 1702 Refert
415 1639 512 1704 anim:

369 1753 489 1828 „Sulla
518 1773 603 1818 oum
624 1763 786 1818 tonaret
809 1755 1019 1842 imparium
1043 1759 1122 1825 mul-

288 1876 336 1931 tas
358 1867 449 1951 loges
472 1887 510 1933 ac
532 1871 605 1934 iura
626 1871 845 1957 praescripsit.
865 1909 902 1916 -
927 1871 1027 1938 Huius
1051 1884 1124 1938 acta

287 2001 356 2047 cum
393 1993 528 2050 conatur
555 1983 696 2072 Lepidus
727 1987 766 2050 in
797 2004 868 2049 suo
903 1987 1120 2050 consulatu

285 2097 488 2178 subvertero,
525 2109 642 2168 contra
670 2100 827 2186 collegam
856 2098 1001 2167 Catulum
1029 2098 1120 2164 civile
1236 2100 1241 2124 '¹

142 2267 146 2278 .
233 2304 235 2308 Ι
286 2215 440 2302 proaliurn
474 2218 577 2302 gessit
613 2229 643 2284 ct
671 2221 773 2284 rictus
806 2223 892 2282 ost.“
930 2192 932 2198 ¹

371 2311 1125 2418 Exquibusvcrbishaudinoptcoolligcslulium

287 2447 371 2533 apud
398 2447 585 2516 Sallustium
608 2449 787 2522 invenisse,
810 2447 964 2534 Lepidum
990 2457 1124 2512 conatus

287 2581 366 2628 suos
389 2583 453 2629 non
472 2585 542 2632 cunr
559 2563 653 2632 Sulla
671 2563 837 2651 imperium
856 2569 985 2636 teneret,
1011 2558 1070 2626 sod
1092 2563 1124 2625 in

287 2679 455 2747 commacu
474 2702 534 2749 suo
549 2690 647 2768 atquo
665 2689 738 2768 post
754 2678 785 2744 id
805 2680 1125 2766 imperiumparassc.

314 2793 315 2797 ’
371 2797 513 2866 Tertium
542 2808 647 2863 autam
681 2806 731 2862 cst
766 2815 869 2878 genuus
906 2813 1035 2868 aarum,
1073 2794 1126 2879 qui

286 2914 461 2977 certissimo
485 2910 650 2985 affirmant,
673 2909 827 2996 Lepidum
850 2907 944 2975 Sulla
964 2912 1054 2986 vivo,
1077 2911 1126 2974 ni-

288 3025 329 3091 hil
354 3047 465 3092 ausum
490 3047 563 3092 asso
582 3037 676 3111 atquo
696 3024 758 3088 hoc
781 3022 904 3089 demum
927 3039 1052 3096 mortuo
1073 3022 1126 3088 diu

187 3185 190 3192 Δ
290 3143 500 3208 mormulam*
517 3141 653 3207 consilia
682 3139 883 3227 patefecisse.
920 3139 959 3206 Hi
989 3147 1128 3225 quatuor

288 3271 362 3326 sunt
385 3278 534 3324 numero:
579 3256 744 3332 Zonaras,
768 3255 974 3332 Plutarchus,
1006 3256 1126 3343 Appia-

289 3395 349 3440 nas
373 3385 404 3439 ot
426 3371 574 3440 Orosius.
589 3373 661 3456 ¹²³)

287 3541 311 3549 ,-
321 3543 345 3548 -ι-
353 3539 659 3549 ’.ι-...υμ-σ-ι-μ--υυο-ικω-
873 3533 1128 3546 ..ο-’Μ

378 3632 448 3710 ¹²¹)
473 3637 625 3692 Zonaras
655 3635 680 3688 in
708 3633 820 3689 anrralih.
851 3631 919 3696 Κλ.
950 3631 1012 3686 odit.
1042 3631 1126 3686 Barna.

290 3756 350 3812 pag.
380 3738 451 3795 302.
477 3769 514 3778 -
538 3735 749 3792 Plutarchus
778 3735 803 3790 in
833 3732 905 3788 Sulla
934 3749 992 3806 cap.
1024 3733 1074 3790 34.
1103 3741 1128 3788 al
