2770 4814
644 673 833 742 „7-

319 857 458 938 Sullam,
482 862 624 946 priuatos
646 861 716 927 iurc'
740 861 900 937 sortitam,
922 857 1002 924 Asia
1022 860 1154 946 prouin-

319 978 371 1044 cia
393 996 451 1063 per
472 976 620 1044 tribunos
637 997 755 1044 enuere
770 976 896 1056 vileits
909 975 969 1042 scd
984 995 1005 1041 a
1020 975 1156 1042 lisollo

320 1092 399 1160 orbo
436 1093 590 1182 expulsus
625 1101 692 1172 est,
730 1094 783 1179 qui
817 1095 956 1160 uictoria
984 1091 1156 1159 clementer

317 1227 396 1278 usus
419 1221 534 1278 contra
546 1208 761 1278 Mithridatem
782 1209 815 1274 in
831 1207 999 1274 Graeciam
1020 1211 1152 1275 traiecit.

317 1323 399 1392 Dum
419 1325 463 1392 ibi
486 1345 553 1393 rem
574 1335 732 1414 prospere
754 1327 853 1412 gerit,
875 1323 1028 1392 consides
1052 1323 1162 1390 (libna

318 1449 350 1506 et
365 1439 489 1520 Carbo,
511 1444 597 1509 iusta
621 1443 748 1508 ciuitate
768 1442 869 1508 sociis
893 1440 985 1517 data,
1007 1440 1067 1506 bos
1081 1441 1154 1506 Ma-

317 1557 365 1620 rio
389 1559 660 1636 conciliaverunt,
683 1557 826 1642 urbeque
848 1560 920 1644 ipsc
942 1556 1048 1622 Mario
1072 1557 1153 1623 doce
1272 1547 1274 1551 ’

318 1681 421 1758 cepta,
436 1671 591 1740 Sullanos
605 1691 664 1759 pro
679 1671 826 1740 hostibus
840 1671 1029 1738 babuerunt.
1047 1671 1154 1752 Quam

317 1788 358 1856 ob
398 1809 464 1856 rem
493 1787 601 1868 Sulla,
638 1809 719 1877 paco
748 1805 819 1858 cum
846 1787 1160 1868 mundabimus.

315 1905 453 1972 insessos
478 1904 611 1972 Romam
638 1905 748 1985 rediit,
776 1905 873 1974 Marii
904 1907 968 1972 iam
997 1904 1154 1972 demortui

316 2021 461 2088 asseclas
491 2023 696 2104 severissimo
725 2023 862 2108 punivit,
892 2019 1154 2107 etquedictator

316 2137 511 2228 reipublicae
528 2135 771 2204 constituendae
788 2155 889 2202 causa
904 2146 1043 2214 oreatus,
1067 2137 1150 2202 ram-

315 2255 474 2344 publicam
515 2253 557 2319 ad
591 2253 677 2320 bunc
711 2252 780 2320 iere
816 2252 944 2320 modom
981 2255 1152 2319 constituit

315 2371 469 2448 Primum,
483 2371 533 2453 ¹¹)
563 2379 597 2436 ut
627 2381 760 2436 suorum
788 2368 920 2436 caedem
942 2368 1153 2436 ulcisceretor

313 2487 598 2572 Marianorumqnc
619 2487 706 2554 uires
727 2484 911 2572 frangeret,
931 2485 1046 2552 boru'm
1062 2487 1150 2574 prin·

315 2607 403 2692 cipes
425 2605 492 2670 vita
512 2602 671 2688 bonisque
694 2604 795 2669 enuit:
823 2601 934 2668 liberis
958 2622 1069 2668 eorum
1090 2602 1150 2668 bo-

313 2718 448 2788 noribus
470 2716 647 2785 interdixit:
671 2718 770 2784 sociis
794 2727 826 2783 et
848 2717 1041 2796 ciuitatibus,
1065 2731 1148 2804 quac

403 3150 452 3232 ¹¹)
487 3155 688 3214 Wittiohius
721 3159 754 3215 de
789 3158 856 3232 reip.
890 3173 959 3215 rom.
991 3175 1021 3215 ea
1054 3158 1149 3228 forma,

313 3273 365 3330 qua
386 3256 417 3312 l.
441 3257 471 3313 C.
494 3255 567 3314 Sulla
588 3263 672 3314 totam
694 3273 752 3314 rem
767 3274 838 3316 rom.
853 3258 1031 3319 commutavit.
1057 3259 1147 3318 1834.

313 3357 568 3414 llamsboruius
591 3357 624 3413 de
646 3357 737 3414 eadem
765 3374 796 3414 re
826 3359 922 3416 codem
942 3359 1030 3416 titulo.
1056 3362 1147 3420 1835.

314 3457 538 3530 Gdttlingius
567 3457 611 3514 cit.
642 3458 743 3532 capite:
785 3459 832 3516 oie
860 3459 1025 3518 Sullouische
1047 3463 1147 3520 Verius·

313 3573 391 3630 sung.
434 3557 668 3615 Vockcstaert
702 3559 735 3615 dc
762 3559 793 3616 L.
824 3559 854 3616 C.
884 3560 957 3618 Sulla
985 3561 1147 3635 legislatore.

316 3656 406 3716 1816.
436 3688 478 3698 -
521 3658 673 3720 Thesaurus
708 3659 838 3718 verarum
867 3659 1012 3718 lectionum
1040 3670 1148 3721 auctore

314 3757 517 3815 Paucis-olo.
560 3759 682 3834 Lugduni
706 3759 797 3822 1617.
819 3761 997 3829 11,132·-
