2770 4814
586 646 801 715 ..⁵10„

271 831 1109 920 dia¹⁴²)viderant?qnidreliquumarattyrannidis‚
1138 819 1142 828 ’

271 953 299 1016 si
319 950 474 1039 populns,
490 950 576 1037 quod
591 949 731 1038 Lepidus
744 951 828 1030 vult,
845 953 930 1017 omni
946 953 1015 1017 iure
1032 955 1110 1016 cnu-

269 1080 338 1147 tus,
367 1070 537 1154 omniaque
566 1069 705 1135 humana
734 1079 829 1156 atquo
860 1069 968 1134 divina
989 1068 1112 1154 polluta

272 1188 389 1254 erant?
419 1206 500 1274 quas
529 1187 707 1272 tyrannidis
736 1189 883 1254 miserias
912 1206 970 1252 eos
993 1185 1110 1252 doecre

271 1306 386 1392 potuit,
424 1304 540 1392 quibus
569 1313 724 1390 tyrannus
752 1327 792 1372 ne
827 1303 956 1372 servilia
985 1303 1110 1390 quidem

271 1421 422 1488 alimenta
444 1423 644 1510 reliquerat?
693 1422 781 1490 Haec
802 1422 916 1510 Lepidi
938 1441 1111 1508 argumen-

272 1541 349 1606 tatio
385 1540 523 1606 rhetoris
559 1551 623 1620 est,
659 1561 725 1607 non
755 1561 814 1630 pro
843 1561 879 1606 re
909 1551 940 1607 et
968 1551 1112 1629 ternpore

273 1657 424 1736 dicentis,
458 1657 516 1725 sed
543 1679 630 1726 uana
657 1659 759 1726 verba
790 1661 948 1726 iactantis.
988 1658 1111 1739 Quibus

272 1776 370 1843 rebus
405 1776 445 1842 ad
476 1797 628 1844 summam
657 1778 759 1845 addo:
795 1779 878 1844 hanc
906 1782 1017 1866 panum
1050 1775 1110 1843 sibi

273 1905 472 1960 constantem
508 1898 664 1963 rationem
696 1900 730 1964 in
765 1907 832 1964 tota
860 1898 1006 1962 oratione
1037 1915 1110 1982 per-

273 2014 368 2100 spici,
400 2032 482 2100 quae
511 2013 586 2081 indo
610 2015 684 2102 quid
706 2015 781 2082 nuri
804 2025 898 2100 atquc
919 2016 1031 2078 incerti
1056 2032 1110 2078 ce-

272 2134 332 2219 pit:
361 2135 452 2199 cuius
475 2135 522 2200 rei
545 2133 690 2222 exempla
711 2134 847 2223 plurima
867 2130 1004 2220 proferri
1033 2150 1110 2220 pos-

273 2260 363 2330 sunt,
395 2261 519 2338 utputa:
549 2252 712 2340 praesidia
738 2254 814 2320 novi
837 2251 961 2318 consilii
984 2252 1017 2316 in
1040 2249 1112 2315 sola

273 2367 411 2434 audacia
440 2378 617 2456 ponuntur,
646 2371 785 2436 hostium
813 2383 917 2438 autem
946 2372 1033 2436 viros
1061 2368 1112 2434 i-

274 2484 346 2550 tilcs
370 2505 444 2552 esso
467 2488 639 2565 asseritur,
662 2506 729 2552 non
751 2486 1003 2552 demonstratur:
1047 2485 1111 2552 Le-

272 2601 365 2692 pidus
408 2603 529 2670 nullum
573 2616 694 2674 certum
731 2604 899 2671 consilium
937 2603 1111 2693 profitetur,

271 2721 425 2809 nulloque
454 2723 563 2804 hoste,
593 2745 685 2812 quem
716 2723 883 2792 confestim
911 2733 1033 2812 petant,
1062 2725 1111 2788 in-

273 2839 469 2920 dicato‚,ad
497 2846 665 2930 repentina
693 2863 782 2910 arma
813 2852 917 2908 uocat.
962 2842 1035 2908 Alia
1062 2844 1111 2908 in-

273 2971 372 3044 super
393 2979 448 3024 res
470 2960 711 3026 admirationem
734 2974 852 3038 mouet,
880 2979 993 3046 nempe
1015 2959 1112 3047 Lepi·

274 3073 347 3140 dum
363 3074 474 3143 Sullae
497 3076 697 3162 tyrannidem
713 3081 843 3165 saepius
860 3077 1039 3155 criminari,
1063 3077 1111 3144 di-

273 3203 417 3263 ctaturae
431 3214 511 3262 vcro
534 3213 650 3262 nornen
673 3198 766 3284 quasi
790 3195 829 3262 de
851 3193 985 3262 consilio
1000 3197 1112 3262 vitare.

361 3548 434 3629 ¹⁴¹)
456 3555 665 3614 Plutarchus
695 3557 722 3612 in
752 3557 847 3613 Crasso
877 3559 908 3616 2.
938 3548 1113 3639 ἐξηγόραζε

272 3645 316 3712 ud
342 3645 504 3733 ναιόμενα
527 3649 584 3718 καὶ
610 3655 798 3736 γειτνιῶντα
825 3655 898 3728 τοῖς
925 3651 1114 3737 καιομένοις

273 3745 331 3813 διὰ
353 3744 462 3836 φόβον
482 3756 547 3818 τῶν
569 3752 740 3819 δεσποτῶν
768 3745 829 3818 ἀπ’
851 3747 964 3842 ὀλίγης
983 3760 1092 3844 τιμῆς.
