2770 4814
554 693 765 766 „10-

240 882 306 970 puli
341 883 447 966 gratia
478 884 531 948 vix
565 879 719 966 effugerit.
733 883 784 964 ¹⁶)
828 879 931 948 Nihilo
970 894 1074 949 tamen

240 1001 343 1065 miuus
376 995 491 1064 consul
528 1009 656 1066 oreatus
693 1008 757 1078 est,
791 997 904 1084 idque,
940 1000 968 1063 si
998 997 1074 1064 Plu-

238 1116 348 1182 tarcho
371 1115 449 1182 fides
462 1117 626 1195 habenda,
649 1116 776 1184 iouente
791 1115 959 1204 Pompeio,
983 1117 1076 1183 Sulla

239 1235 337 1298 invito
362 1243 457 1320 atque
481 1243 663 1322 praesente.
678 1236 729 1317 1ἵ)
765 1231 801 1300 ln
824 1232 993 1299 consulatu
1016 1252 1073 1299 au-

241 1359 301 1415 tem
315 1349 444 1424 obstitit,
462 1369 502 1415 ne
518 1349 629 1416 Sullae
644 1349 818 1436 exsequiae
831 1351 1074 1438 perficerentur:

239 1468 312 1547 sed,
341 1467 534 1534 adversante
562 1470 625 1533 iarn
646 1470 718 1554 ipso
742 1469 911 1555 Pompeio,
941 1466 1072 1532 frustra.

238 1583 319 1650 Dein
353 1593 427 1648 aeta
454 1583 565 1652 Sullae
600 1587 803 1652 rescissuros
832 1585 950 1653 bellum
981 1583 1073 1650 oivile

238 1701 349 1778 movit,
386 1698 444 1766 sed
473 1717 493 1765 a
522 1699 635 1767 Catulo
666 1710 697 1766 et
724 1699 875 1789 Pompeio
906 1703 1008 1767 vietus
1040 1702 1073 1764 in

238 1813 420 1880 Sardiniam
456 1817 581 1880 traiecit
621 1815 730 1902 ibique
766 1818 799 1881 in
836 1835 915 1884 oasa
952 1816 1076 1881 rustice

239 1929 351 1996 morho
374 1931 539 2018 periit.¹⁸)
569 1974 572 1980 -

322 2162 373 2230 lll.
402 2163 459 2232 llis
482 2168 648 2254 utriusque
671 2169 731 2234 viri
754 2165 851 2234 rebus
873 2167 974 2252 gestis
997 2165 1072 2231 hre-

236 2285 318 2348 viter
346 2285 517 2371 expositis,
546 2283 697 2371 adituque
729 2287 823 2373 quasi
849 2283 1008 2372 patefacto
1032 2282 1072 2349 ad

236 2401 339 2489 ipsam
361 2402 539 2468 orationem
563 2411 703 2468 transeo.

319 2565 367 2634 De
381 2565 525 2634 Sallustii
548 2585 697 2634 sermone
720 2577 751 2634 et
774 2564 1003 2652 orthographia
1021 2567 1070 2646 ¹⁹)

322 2919 372 3000 ¹⁶)
404 2924 486 2996 Cujus
516 2927 555 2981 rei
577 2923 651 2983 testis
679 2931 719 2982 est
744 2923 990 2980 Asconius'ool
1030 2925 1068 2977 Cl-

234 3025 341 3082 oeronis
363 3026 389 3081 in
411 3026 522 3082 Verrem
543 3025 574 3092 ss,
582 3025 613 3084 2.

256 3117 259 3124 ¹
323 3135 372 3216 Η)
410 3141 621 3199 Plutarchus
662 3141 690 3197 in
727 3137 800 3197 Sulla
834 3137 886 3196 34.
927 3138 954 3193 in
992 3136 1069 3193 Porn-

233 3242 295 3314 peio
321 3241 369 3299 io.

323 3351 373 3432 ¹⁸)
404 3357 543 3430 Praecipui
571 3365 678 3431 praeter
706 3363 811 3412 veteres
840 3353 874 3410 de
895 3352 995 3425 lepido
1025 3369 1068 3408 ao·

233 3466 323 3516 utores
355 3466 433 3514 sunt:
467 3457 607 3515 Reiiius
643 3456 740 3514 Gosoh.
774 3457 823 3513 der
856 3457 926 3512 roim.
955 3452 1069 3525 hiriger-

234 3560 336 3633 hriege.
368 3557 459 3617 1825.
489 3558 680 3626 ll,lll-6lr.
701 3587 744 3597 -
779 3557 1002 3614 Drumaunus
1025 3552 1069 3608 eit.

233 3661 260 3718 in
282 3661 333 3716 ulta
354 3658 474 3732 Pompei.

324 3771 373 3851 ¹⁹)
403 3775 476 3832 Unde
504 3774 603 3831 facturn
631 3774 682 3841 sit,
716 3781 745 3829 ut
782 3773 893 3847 queisque
921 3768 977 3826 lere
1006 3769 1071 3826 seri·
