2770 4814
610 769 650 783 —
696 735 827 830 esf

298 912 372 992 lum,
390 915 448 980 sed
470 918 563 981 etiam
584 919 734 1004 augebat,
749 933 911 1009 tuumque
933 925 1137 1013 reipublicae,

300 1051 394 1117 quam
422 1034 618 1113 instituerat,
653 1037 788 1105 formam
821 1041 973 1108 intactam
1002 1063 1137 1110 conser-

297 1149 403 1216 vabat.
447 1149 557 1231 Quare
577 1153 611 1218 in
632 1152 781 1240 eligendo
804 1157 926 1246 Lepide
950 1162 1137 1238 connivens,

297 1267 394 1333 nihilo
418 1270 524 1336 secius
546 1273 682 1357 partium
705 1295 836 1342 suarum
859 1287 954 1364 caput
975 1276 1133 1343 manebat.

298 1367 357 1451 Sin
384 1405 463 1453 vero
486 1398 595 1476 putas,
626 1387 750 1458 Sullam
772 1414 838 1460 nen
859 1393 1057 1482 temporibus
1080 1414 1134 1460 sa-

297 1502 422 1590 pienter
442 1525 545 1586 nsum,
568 1505 627 1573 sed
640 1507 908 1596 Pompeiunomm
924 1513 958 1577 vi
980 1521 1134 1586 coactum,

297 1619 409 1710 Lepidi
437 1623 619 1692 consulatui
644 1623 836 1707 indulsissc3
866 1639 974 1696 tamen
1001 1629 1134 1704 videbis,

297 1761 369 1806 enm
392 1753 506 1808 centra
534 1743 638 1810 selum
658 1742 815 1833 Lepidum
837 1746 915 1813 talia
944 1748 1134 1824 molientem,

296 1857 525 1922 validissimum
546 1860 657 1927 luisse.
690 1861 810 1927 Omnes
833 1865 916 1927 enim
939 1881 1021 1947 ques
1044 1865 1133 1947 agris

294 1974 388 2042 bernis
410 1972 587 2040 honeribus
610 1984 758 2050 auxerat,
782 1995 853 2040 cum
875 1995 914 2041 ee
938 1988 1053 2044 contra
1072 1978 1131 2042 lre-

296 2103 375 2159 stcm
401 2089 576 2169 iaciebant,
606 2091 659 2178 qui
682 2089 763 2156 haec
785 2089 846 2155 sihi
869 2093 995 2178 eripere
1017 2091 1129 2168 rellet;

294 2230 314 2275 a
343 2208 459 2297 quibus
495 2209 589 2276 etiam
624 2205 765 2294 Lepidus
787 2217 903 2295 postea
935 2209 1039 2276 victus
1069 2219 1128 2274 est.

294 2327 394 2408 Adde,
416 2348 457 2394 ex
477 2328 550 2415 ipsa
571 2326 716 2393 oratione
729 2326 962 2407 clarumesse,
977 2325 1054 2394 nihil
1071 2326 1129 2393 ad-

293 2445 355 2512 huc
384 2447 537 2533 pristinae
566 2445 726 2530 potentiae
754 2443 795 2510 de
825 2443 918 2512 Sulla
953 2446 1129 2512 detractum

292 2564 402 2642 luisse,
425 2582 526 2650 quare
547 2580 613 2627 nou
635 2571 714 2635 erat,
736 2561 824 2648 qued
843 2559 1045 2650 vulpeculam
1067 2562 1128 2626 lrac

292 2686 325 2750 iu
341 2682 509 2770 repetius,
530 2697 626 2766 quam
639 2678 766 2746 leonem
782 2690 903 2766 ageret.
947 2679 1016 2745 lluc
1032 2698 1126 2745 acce-

293 2801 338 2868 dit
358 2799 468 2866 Sullae
490 2798 615 2863 animus
637 2796 679 2862 ad
701 2797 851 2864 ultionem
873 2817 1066 2885 propensus,
1086 2794 1127 2862 ab

293 2921 363 2986 aevi
394 2918 562 3002 gentisque
591 2915 675 2980 vitiis
704 2933 770 2980 nun
799 2914 933 2982 alienus.
952 2913 1004 2994 ¹¹)
1046 2913 1126 2979 Cor-

379 3219 431 3298 Η)
454 3224 491 3279 lle
512 3219 600 3277 Sullae
629 3220 750 3279 ruerilms
778 3228 857 3294 atque
885 3218 974 3275 indole
995 3218 1066 3274 uarie
1087 3219 1123 3276 iu·

293 3328 406 3384 dicatum
428 3330 477 3378 est.
491 3319 673 3380 Zachariae
695 3321 741 3376 cit.
763 3337 824 3394 pag.
840 3318 912 3377 164.
934 3335 975 3392 sq.
998 3319 1027 3374 ln
1040 3325 1123 3375 trans-

293 3430 329 3485 itu
365 3424 538 3482 temeritatem
579 3428 642 3476 ncta
677 3415 834 3477 lassolii
872 3417 974 3492 (breve
1006 3418 1124 3474 restritto

292 3527 359 3585 della
381 3523 462 3580 steria
484 3537 592 3576 romana
616 3519 733 3594 1819),
755 3521 801 3593 qui
823 3521 888 3578 haee
917 3517 1045 3574 blaterat:
1069 3557 1086 3584 „
1095 3516 1123 3572 fl-

293 3627 438 3688 nnlemente
467 3621 594 3677 renunzio
616 3620 642 3677 la
663 3622 785 3677 dittatnra
806 3625 937 3694 perpetua
958 3618 1008 3672 che
1030 3617 1067 3689 gli
1096 3617 1124 3674 lu

292 3729 402 3785 ellcrta:
433 3722 465 3778 ed
494 3738 508 3776 a
537 3729 631 3794 queste
654 3719 714 3775 solu
736 3727 820 3792 punto
842 3718 864 3774 si
887 3717 1124 3790 reducentem,

292 3829 342 3884 rire
364 3825 409 3899 piu
431 3821 495 3878 «tirsi
517 3821 542 3878 di
565 3827 660 3894 questo
682 3819 785 3876 illustre
807 3818 967 3876 scelerutc.“
