<?xml version="1.0" encoding="UTF-8"?>
<!DOCTYPE html PUBLIC "-//W3C//DTD XHTML 1.0 Transitional//EN"
    "http://www.w3.org/TR/xhtml1/DTD/xhtml1-transitional.dtd">
<html xmlns="http://www.w3.org/1999/xhtml" xml:lang="en" lang="en">
 <head>
  <title>
</title>
<meta http-equiv="Content-Type" content="text/html;charset=utf-8" />
  <meta name='ocr-system' content='tesseract 3.04.00' />
  <meta name='ocr-capabilities' content='ocr_page ocr_carea ocr_par ocr_line ocrx_word'/>
</head>
<body>
  <div class='ocr_page' id='page_1' title='image "./demlepidiapudcs00fabrgoog_0059.png"; bbox 0 0 2770 4814; ppageno 0'>
   <div class='ocr_carea' id='block_1_1' title="bbox 627 707 837 778">
    <p class='ocr_par' dir='ltr' id='par_1_1' title="bbox 627 707 837 778">
     <span class='ocr_line' id='line_1_1' title="bbox 627 707 837 778; baseline 0.01 -24"><span class='ocrx_word' id='word_1_1' title='bbox 627 707 837 778; x_wconf 65' lang='lat'>..52-</span> 
     </span>
    </p>
   </div>
   <div class='ocr_carea' id='block_1_2' title="bbox 306 883 1149 1076">
    <p class='ocr_par' dir='ltr' id='par_1_2' title="bbox 306 883 1149 1076">
     <span class='ocr_line' id='line_1_2' title="bbox 307 883 1149 993; baseline 0.025 -46"><span class='ocrx_word' id='word_1_2' title='bbox 307 927 310 932; x_wconf 31' lang='grc' dir='ltr'><strong><em>ι</em></strong></span> <span class='ocrx_word' id='word_1_3' title='bbox 395 883 476 950; x_wconf 84' lang='lat' dir='ltr'><strong>Dein</strong></span> <span class='ocrx_word' id='word_1_4' title='bbox 518 889 708 993; x_wconf 78' lang='lat' dir='ltr'><strong>epitomator</strong></span> <span class='ocrx_word' id='word_1_5' title='bbox 749 890 875 972; x_wconf 86' lang='lat' dir='ltr'><strong>Livii,</strong></span> <span class='ocrx_word' id='word_1_6' title='bbox 912 892 1057 985; x_wconf 85' lang='lat' dir='ltr'><strong>quisquis</strong></span> <span class='ocrx_word' id='word_1_7' title='bbox 1096 902 1149 968; x_wconf 89' lang='lat' dir='ltr'><strong>ille</strong></span> 
     </span>
     <span class='ocr_line' id='line_1_3' title="bbox 306 995 622 1076; baseline 0.006 -10"><span class='ocrx_word' id='word_1_8' title='bbox 306 995 381 1076; x_wconf 80' lang='lat' dir='ltr'><strong>init,</strong></span> <span class='ocrx_word' id='word_1_9' title='bbox 411 1001 491 1068; x_wconf 75' lang='lat' dir='ltr'><strong>hacc</strong></span> <span class='ocrx_word' id='word_1_10' title='bbox 512 1001 622 1070; x_wconf 87' lang='lat' dir='ltr'><strong>habet:</strong></span> 
     </span>
    </p>
   </div>
   <div class='ocr_carea' id='block_1_3' title="bbox 305 1226 1148 1798">
    <p class='ocr_par' dir='ltr' id='par_1_3' title="bbox 305 1226 1148 1798">
     <span class='ocr_line' id='line_1_4' title="bbox 392 1226 1148 1326; baseline 0.024 -32"><span class='ocrx_word' id='word_1_11' title='bbox 392 1226 514 1305; x_wconf 84' lang='lat' dir='ltr'><strong>„Sulla</strong></span> <span class='ocrx_word' id='word_1_12' title='bbox 549 1230 689 1304; x_wconf 77' lang='lat' dir='ltr'><strong>decessit</strong></span> <span class='ocrx_word' id='word_1_13' title='bbox 725 1236 894 1326; x_wconf 81' lang='lat' dir='ltr'><strong>honosque</strong></span> <span class='ocrx_word' id='word_1_14' title='bbox 924 1243 953 1308; x_wconf 87' lang='lat' dir='ltr'><strong>ei</strong></span> <span class='ocrx_word' id='word_1_15' title='bbox 982 1263 1003 1310; x_wconf 89' lang='lat' dir='ltr'><strong>a</strong></span> <span class='ocrx_word' id='word_1_16' title='bbox 1033 1255 1148 1312; x_wconf 85' lang='lat' dir='ltr'><strong>senatu</strong></span> 
     </span>
     <span class='ocr_line' id='line_1_5' title="bbox 306 1339 1146 1450; baseline 0.021 -42"><span class='ocrx_word' id='word_1_17' title='bbox 306 1339 523 1424; x_wconf 75' lang='lat' dir='ltr'><strong>nebiensem,</strong></span> <span class='ocrx_word' id='word_1_18' title='bbox 555 1359 589 1414; x_wconf 87' lang='lat' dir='ltr'><strong>ut</strong></span> <span class='ocrx_word' id='word_1_19' title='bbox 608 1351 643 1414; x_wconf 89' lang='lat' dir='ltr'><strong>in</strong></span> <span class='ocrx_word' id='word_1_20' title='bbox 670 1371 784 1442; x_wconf 86' lang='lat' dir='ltr'><strong>campo</strong></span> <span class='ocrx_word' id='word_1_21' title='bbox 805 1355 923 1426; x_wconf 82' lang='lat' dir='ltr'><strong>Martio</strong></span> <span class='ocrx_word' id='word_1_22' title='bbox 947 1357 1146 1450; x_wconf 77' lang='lat' dir='ltr'><strong>sepeliretur.</strong></span> 
     </span>
     <span class='ocr_line' id='line_1_6' title="bbox 305 1457 1146 1549; baseline 0.024 -25"><span class='ocrx_word' id='word_1_23' title='bbox 305 1457 350 1524; x_wconf 88' lang='lat' dir='ltr'><strong>M.</strong></span> <span class='ocrx_word' id='word_1_24' title='bbox 359 1459 599 1549; x_wconf 79' lang='lat' dir='ltr'><strong>AemLepidus</strong></span> <span class='ocrx_word' id='word_1_25' title='bbox 621 1482 690 1532; x_wconf 91' lang='lat' dir='ltr'><strong>cum</strong></span> <span class='ocrx_word' id='word_1_26' title='bbox 714 1479 788 1536; x_wconf 85' lang='lat' dir='ltr'><strong>octa</strong></span> <span class='ocrx_word' id='word_1_27' title='bbox 800 1469 912 1539; x_wconf 83' lang='lat' dir='ltr'>Sullae</span> <span class='ocrx_word' id='word_1_28' title='bbox 934 1483 1071 1543; x_wconf 84' lang='lat' dir='ltr'><strong>tentaret</strong></span> <span class='ocrx_word' id='word_1_29' title='bbox 1093 1496 1146 1543; x_wconf 85' lang='lat' dir='ltr'><strong>re-</strong></span> 
     </span>
     <span class='ocr_line' id='line_1_7' title="bbox 309 1576 1146 1670; baseline 0.023 -28"><span class='ocrx_word' id='word_1_30' title='bbox 309 1576 474 1657; x_wconf 78' lang='lat' dir='ltr'><strong>scindere,</strong></span> <span class='ocrx_word' id='word_1_31' title='bbox 489 1577 606 1645; x_wconf 91' lang='lat' dir='ltr'><strong>bellum</strong></span> <span class='ocrx_word' id='word_1_32' title='bbox 623 1587 772 1653; x_wconf 82' lang='lat' dir='ltr'><strong>excitauit</strong></span> <span class='ocrx_word' id='word_1_33' title='bbox 786 1596 817 1653; x_wconf 92' lang='lat' dir='ltr'><strong>ct</strong></span> <span class='ocrx_word' id='word_1_34' title='bbox 831 1607 851 1653; x_wconf 87' lang='lat' dir='ltr'><strong>a</strong></span> <span class='ocrx_word' id='word_1_35' title='bbox 865 1588 903 1670; x_wconf 81' lang='lat' dir='ltr'><strong>Q.</strong></span> <span class='ocrx_word' id='word_1_36' title='bbox 918 1589 1032 1661; x_wconf 86' lang='lat' dir='ltr'><strong>Catulo</strong></span> <span class='ocrx_word' id='word_1_37' title='bbox 1047 1593 1146 1663; x_wconf 91' lang='lat' dir='ltr'><strong>colle-</strong></span> 
     </span>
     <span class='ocr_line' id='line_1_8' title="bbox 306 1693 1103 1798; baseline 0.026 -41"><span class='ocrx_word' id='word_1_38' title='bbox 306 1713 351 1778; x_wconf 79' lang='lat' dir='ltr'><strong>ga</strong></span> <span class='ocrx_word' id='word_1_39' title='bbox 370 1693 464 1762; x_wconf 83' lang='lat' dir='ltr'><strong>ltalia</strong></span> <span class='ocrx_word' id='word_1_40' title='bbox 484 1696 598 1784; x_wconf 87' lang='lat' dir='ltr'><strong>pulsus</strong></span> <span class='ocrx_word' id='word_1_41' title='bbox 621 1711 680 1781; x_wconf 86' lang='lat' dir='ltr'><strong>est,</strong></span> <span class='ocrx_word' id='word_1_42' title='bbox 704 1712 734 1769; x_wconf 87' lang='lat' dir='ltr'><strong>et</strong></span> <span class='ocrx_word' id='word_1_43' title='bbox 754 1704 788 1769; x_wconf 91' lang='lat' dir='ltr'><strong>in</strong></span> <span class='ocrx_word' id='word_1_44' title='bbox 804 1703 956 1776; x_wconf 84' lang='lat' dir='ltr'><strong>Sardinia</strong></span> <span class='ocrx_word' id='word_1_45' title='bbox 976 1712 1103 1798; x_wconf 86' lang='lat' dir='ltr'><strong>periit.“</strong></span> 
     </span>
    </p>
   </div>
   <div class='ocr_carea' id='block_1_4' title="bbox 277 1921 1142 2004">
    <p class='ocr_par' dir='ltr' id='par_1_4' title="bbox 277 1921 1142 2004">
     <span class='ocr_line' id='line_1_9' title="bbox 277 1921 1142 2004; baseline 0.016 -18"><span class='ocrx_word' id='word_1_46' title='bbox 277 1981 284 1995; x_wconf 86' lang='grc'><em>,</em></span> <span class='ocrx_word' id='word_1_47' title='bbox 386 1921 613 1991; x_wconf 82' lang='lat' dir='ltr'><strong>Suetonius</strong></span> <span class='ocrx_word' id='word_1_48' title='bbox 635 1937 740 1993; x_wconf 86' lang='lat' dir='ltr'><strong>autem</strong></span> <span class='ocrx_word' id='word_1_49' title='bbox 760 1928 822 1994; x_wconf 88' lang='lat' dir='ltr'><strong>bac</strong></span> <span class='ocrx_word' id='word_1_50' title='bbox 844 1933 883 1997; x_wconf 92' lang='lat' dir='ltr'><strong>de</strong></span> <span class='ocrx_word' id='word_1_51' title='bbox 905 1953 940 2000; x_wconf 84' lang='lat' dir='ltr'><strong>re</strong></span> <span class='ocrx_word' id='word_1_52' title='bbox 955 1938 1000 2002; x_wconf 91' lang='lat' dir='ltr'><strong>ita</strong></span> <span class='ocrx_word' id='word_1_53' title='bbox 1016 1938 1142 2004; x_wconf 85' lang='lat' dir='ltr'><strong>scribit:</strong></span> 
     </span>
    </p>
   </div>
   <div class='ocr_carea' id='block_1_5' title="bbox 298 2145 1223 3032">
    <p class='ocr_par' dir='ltr' id='par_1_5' title="bbox 298 2145 1223 3032">
     <span class='ocr_line' id='line_1_10' title="bbox 387 2145 1138 2248; baseline 0.007 -26"><span class='ocrx_word' id='word_1_54' title='bbox 387 2151 524 2233; x_wconf 87' lang='lat' dir='ltr'><strong>„Sullae</strong></span> <span class='ocrx_word' id='word_1_55' title='bbox 554 2164 653 2220; x_wconf 90' lang='lat' dir='ltr'><strong>morte</strong></span> <span class='ocrx_word' id='word_1_56' title='bbox 677 2163 854 2241; x_wconf 87' lang='lat' dir='ltr'><strong>comperta,</strong></span> <span class='ocrx_word' id='word_1_57' title='bbox 883 2145 978 2226; x_wconf 88' lang='lat' dir='ltr'><strong>simul</strong></span> <span class='ocrx_word' id='word_1_58' title='bbox 993 2179 1060 2248; x_wconf 72' lang='lat' dir='ltr'><strong>epe</strong></span> <span class='ocrx_word' id='word_1_59' title='bbox 1079 2180 1138 2227; x_wconf 89' lang='lat' dir='ltr'><strong>no-</strong></span> 
     </span>
     <span class='ocr_line' id='line_1_11' title="bbox 301 2271 1223 2364; baseline 0.007 -26"><span class='ocrx_word' id='word_1_60' title='bbox 301 2289 363 2338; x_wconf 84' lang='lat' dir='ltr'><strong>rae</strong></span> <span class='ocrx_word' id='word_1_61' title='bbox 386 2271 614 2346; x_wconf 82' lang='lat' dir='ltr'><strong>dissensionis,</strong></span> <span class='ocrx_word' id='word_1_62' title='bbox 643 2288 726 2356; x_wconf 84' lang='lat' dir='ltr'><strong>quae</strong></span> <span class='ocrx_word' id='word_1_63' title='bbox 748 2291 807 2360; x_wconf 90' lang='lat' dir='ltr'><strong>per</strong></span> <span class='ocrx_word' id='word_1_64' title='bbox 827 2272 872 2342; x_wconf 76' lang='lat' dir='ltr'><strong>bb</strong></span> <span class='ocrx_word' id='word_1_65' title='bbox 893 2273 1049 2364; x_wconf 89' lang='lat' dir='ltr'><strong>Lepidum</strong></span> <span class='ocrx_word' id='word_1_66' title='bbox 1071 2295 1139 2343; x_wconf 89' lang='lat' dir='ltr'><strong>mo·</strong></span> <span class='ocrx_word' id='word_1_67' title='bbox 1218 2323 1223 2330; x_wconf 18' lang='lat' dir='ltr'><strong>*a</strong></span> 
     </span>
     <span class='ocr_line' id='line_1_12' title="bbox 301 2385 1139 2481; baseline 0.007 -27"><span class='ocrx_word' id='word_1_68' title='bbox 301 2386 453 2465; x_wconf 85' lang='lat' dir='ltr'><strong>rebatur,</strong></span> <span class='ocrx_word' id='word_1_69' title='bbox 476 2385 643 2470; x_wconf 78' lang='lat' dir='ltr'><strong>(Caesar)</strong></span> <span class='ocrx_word' id='word_1_70' title='bbox 664 2385 798 2464; x_wconf 76' lang='lat' dir='ltr'><strong>Remum</strong></span> <span class='ocrx_word' id='word_1_71' title='bbox 822 2393 884 2471; x_wconf 82' lang='lat' dir='ltr'><strong>(ex</strong></span> <span class='ocrx_word' id='word_1_72' title='bbox 907 2391 1039 2474; x_wconf 79' lang='lat' dir='ltr'><strong>Cilicio)</strong></span> <span class='ocrx_word' id='word_1_73' title='bbox 1063 2412 1139 2481; x_wconf 91' lang='lat' dir='ltr'><strong>pro-</strong></span> 
     </span>
     <span class='ocr_line' id='line_1_13' title="bbox 301 2499 1138 2591; baseline 0.008 -21"><span class='ocrx_word' id='word_1_74' title='bbox 301 2522 378 2590; x_wconf 87' lang='lat' dir='ltr'><strong>pere</strong></span> <span class='ocrx_word' id='word_1_75' title='bbox 424 2500 525 2568; x_wconf 85' lang='lat' dir='ltr'><strong>rediit</strong></span> <span class='ocrx_word' id='word_1_76' title='bbox 567 2499 607 2568; x_wconf 81' lang='lat' dir='ltr'><strong>Et</strong></span> <span class='ocrx_word' id='word_1_77' title='bbox 648 2501 762 2591; x_wconf 86' lang='lat' dir='ltr'><strong>Lepidi</strong></span> <span class='ocrx_word' id='word_1_78' title='bbox 806 2506 932 2591; x_wconf 85' lang='lat' dir='ltr'><strong>quidem</strong></span> <span class='ocrx_word' id='word_1_79' title='bbox 974 2512 1138 2588; x_wconf 88' lang='lat' dir='ltr'><strong>societate,</strong></span> 
     </span>
     <span class='ocr_line' id='line_1_14' title="bbox 298 2618 1139 2705; baseline 0.005 -19"><span class='ocrx_word' id='word_1_80' title='bbox 298 2635 490 2705; x_wconf 81' lang='lat' dir='ltr'><strong>quamquam</strong></span> <span class='ocrx_word' id='word_1_81' title='bbox 522 2619 649 2705; x_wconf 78' lang='lat' dir='ltr'><strong>magnis</strong></span> <span class='ocrx_word' id='word_1_82' title='bbox 677 2618 912 2691; x_wconf 87' lang='lat' dir='ltr'><strong>conditionibus</strong></span> <span class='ocrx_word' id='word_1_83' title='bbox 939 2625 1139 2704; x_wconf 78' lang='lat' dir='ltr'><strong>invitaretur,</strong></span> 
     </span>
     <span class='ocr_line' id='line_1_15' title="bbox 298 2732 1138 2822; baseline 0.01 -22"><span class='ocrx_word' id='word_1_84' title='bbox 298 2732 467 2800; x_wconf 81' lang='lat' dir='ltr'><strong>abstinuit:</strong></span> <span class='ocrx_word' id='word_1_85' title='bbox 498 2753 594 2822; x_wconf 89' lang='lat' dir='ltr'><strong>quum</strong></span> <span class='ocrx_word' id='word_1_86' title='bbox 628 2736 759 2821; x_wconf 81' lang='lat' dir='ltr'><strong>ingenio</strong></span> <span class='ocrx_word' id='word_1_87' title='bbox 795 2740 866 2806; x_wconf 86' lang='lat' dir='ltr'><strong>eins</strong></span> <span class='ocrx_word' id='word_1_88' title='bbox 901 2738 1039 2819; x_wconf 83' lang='lat' dir='ltr'><strong>diffisus,</strong></span> <span class='ocrx_word' id='word_1_89' title='bbox 1073 2750 1138 2808; x_wconf 92' lang='lat' dir='ltr'><strong>tum</strong></span> 
     </span>
     <span class='ocr_line' id='line_1_16' title="bbox 299 2850 1136 2945; baseline 0.007 -29"><span class='ocrx_word' id='word_1_90' title='bbox 299 2850 490 2928; x_wconf 83' lang='lat' dir='ltr'><strong>occasione,</strong></span> <span class='ocrx_word' id='word_1_91' title='bbox 529 2869 624 2936; x_wconf 88' lang='lat' dir='ltr'><strong>quam</strong></span> <span class='ocrx_word' id='word_1_92' title='bbox 659 2854 814 2920; x_wconf 89' lang='lat' dir='ltr'><strong>minorem</strong></span> <span class='ocrx_word' id='word_1_93' title='bbox 850 2858 1000 2945; x_wconf 87' lang='lat' dir='ltr'><strong>opinione</strong></span> <span class='ocrx_word' id='word_1_94' title='bbox 1037 2855 1136 2924; x_wconf 87' lang='lat' dir='ltr'><strong>oiien-</strong></span> 
     </span>
     <span class='ocr_line' id='line_1_17' title="bbox 299 2965 425 3032; baseline -0.008 -1"><span class='ocrx_word' id='word_1_95' title='bbox 299 2965 425 3032; x_wconf 87' lang='lat' dir='ltr'><strong>derat.“</strong></span> 
     </span>
    </p>
   </div>
   <div class='ocr_carea' id='block_1_6' title="bbox 295 3156 1134 3378">
    <p class='ocr_par' dir='ltr' id='par_1_6' title="bbox 295 3156 1134 3378">
     <span class='ocr_line' id='line_1_18' title="bbox 378 3156 1134 3285; baseline 0.012 -24"><span class='ocrx_word' id='word_1_96' title='bbox 378 3156 462 3262; x_wconf 81' lang='lat' dir='ltr'><strong>Tum</strong></span> <span class='ocrx_word' id='word_1_97' title='bbox 490 3193 738 3285; x_wconf 72' lang='lat' dir='ltr'><strong>Eutropius·</strong></span> <span class='ocrx_word' id='word_1_98' title='bbox 757 3207 794 3264; x_wconf 86' lang='lat' dir='ltr'><strong>ut</strong></span> <span class='ocrx_word' id='word_1_99' title='bbox 825 3197 918 3281; x_wconf 78' lang='lat' dir='ltr'><strong>solet,</strong></span> <span class='ocrx_word' id='word_1_100' title='bbox 949 3205 1028 3270; x_wconf 86' lang='lat' dir='ltr'><strong>satis</strong></span> <span class='ocrx_word' id='word_1_101' title='bbox 1058 3201 1134 3270; x_wconf 86' lang='lat' dir='ltr'><strong>bre-</strong></span> 
     </span>
     <span class='ocr_line' id='line_1_19' title="bbox 295 3314 1110 3378; baseline 0.007 0"><span class='ocrx_word' id='word_1_102' title='bbox 295 3314 390 3378; x_wconf 76' lang='lat' dir='ltr'><strong>vitcr:</strong></span> <span class='ocrx_word' id='word_1_103' title='bbox 522 3323 525 3328; x_wconf 88' lang='lat'>&#39;</span> <span class='ocrx_word' id='word_1_104' title='bbox 1108 3325 1110 3330; x_wconf 82' lang='grc'><strong>’</strong></span> 
     </span>
    </p>
   </div>
   <div class='ocr_carea' id='block_1_7' title="bbox 292 3499 1134 3844">
    <p class='ocr_par' dir='ltr' id='par_1_7' title="bbox 292 3499 1134 3844">
     <span class='ocr_line' id='line_1_20' title="bbox 379 3499 1134 3634; baseline 0.009 -24"><span class='ocrx_word' id='word_1_105' title='bbox 379 3539 450 3621; x_wconf 85' lang='grc' dir='ltr'>,,Μ.</span> <span class='ocrx_word' id='word_1_106' title='bbox 472 3521 561 3610; x_wconf 80' lang='lat' dir='ltr'><strong>Aem.</strong></span> <span class='ocrx_word' id='word_1_107' title='bbox 583 3499 768 3634; x_wconf 60' lang='lat' dir='ltr'><strong>Lepiddo.</strong></span> <span class='ocrx_word' id='word_1_108' title='bbox 792 3545 906 3614; x_wconf 80' lang='lat' dir='ltr'><strong>Catulo</strong></span> <span class='ocrx_word' id='word_1_109' title='bbox 935 3547 1134 3627; x_wconf 85' lang='lat' dir='ltr'><strong>consulibus,</strong></span> 
     </span>
     <span class='ocr_line' id='line_1_21' title="bbox 293 3655 1133 3750; baseline 0.008 -24"><span class='ocrx_word' id='word_1_110' title='bbox 293 3677 375 3738; x_wconf 78' lang='lat' dir='ltr'><strong>cum¹</strong></span> <span class='ocrx_word' id='word_1_111' title='bbox 394 3655 487 3730; x_wconf 85' lang='lat' dir='ltr'><strong>Sulla</strong></span> <span class='ocrx_word' id='word_1_112' title='bbox 508 3658 739 3746; x_wconf 80' lang='lat' dir='ltr'><strong>rempublicam</strong></span> <span class='ocrx_word' id='word_1_113' title='bbox 764 3665 1019 3750; x_wconf 62' lang='lat' dir='ltr'><strong>composuissem</strong></span> <span class='ocrx_word' id='word_1_114' title='bbox 1046 3664 1133 3732; x_wconf 88' lang='lat' dir='ltr'><strong>bella</strong></span> 
     </span>
     <span class='ocr_line' id='line_1_22' title="bbox 292 3779 770 3844; baseline 0.004 -2"><span class='ocrx_word' id='word_1_115' title='bbox 292 3792 378 3842; x_wconf 87' lang='lat' dir='ltr'><strong>nova</strong></span> <span class='ocrx_word' id='word_1_116' title='bbox 399 3784 600 3842; x_wconf 81' lang='lat' dir='ltr'><strong>exarserunt.</strong></span> <span class='ocrx_word' id='word_1_117' title='bbox 610 3779 627 3806; x_wconf 82' lang='lat'><strong>‘⁴</strong></span> <span class='ocrx_word' id='word_1_118' title='bbox 695 3837 699 3844; x_wconf 83' lang='lat'>.</span> <span class='ocrx_word' id='word_1_119' title='bbox 766 3836 770 3844; x_wconf 91' lang='lat'><em>.</em></span> 
     </span>
    </p>
   </div>
   <div class='ocr_carea' id='block_1_8' title="bbox 0 0 1394 4814">
    <p class='ocr_par' dir='ltr' id='par_1_8' title="bbox 0 0 1394 4814">
     <span class='ocr_line' id='line_1_23' title="bbox 0 0 1394 4814; baseline 0 0"><span class='ocrx_word' id='word_1_120' title='bbox 0 0 1394 4814; x_wconf 95' lang='lat' dir='ltr'><strong> </strong></span> 
     </span>
    </p>
   </div>
  </div>
 </body>
</html>
