2770 4814
361 810 409 878 Ex
430 811 479 881 bis
507 811 696 884 Zonaras
727 817 761 882 irr
790 835 923 882 numero
953 834 1018 884 uon
1050 826 1115 894 θείς

276 945 350 991 mam
393 926 595 998 Plutarchum
639 930 690 996 ad
735 931 898 1000 verbum
936 932 1114 1021 descripsit,
1210 989 1220 1003 .

276 1041 414 1130 ideoque
441 1063 508 1111 nou
530 1065 628 1114 verus
658 1059 754 1134 atque
783 1047 920 1115 idoneus
943 1049 1033 1114 testis
1057 1059 1114 1126 cst,

277 1159 335 1224 sed
356 1172 504 1228 assertor
525 1165 594 1230 eius
618 1167 683 1242 rei,
707 1183 801 1252 quom
824 1164 864 1230 ab
888 1163 959 1230 aliis
983 1166 1114 1252 accepit.

360 1392 513 1462 Paulus
531 1392 706 1462 Orosius
722 1383 885 1476 lustinum,
901 1395 1006 1482 Trogi
1020 1394 1114 1462 Pom-

274 1509 337 1596 peii
360 1512 609 1598 epitomatorem,
633 1522 796 1578 auctorem
820 1514 913 1598 sequi
935 1513 1034 1580 solet:
1065 1515 1115 1578 iu-

276 1607 401 1692 tertlum
432 1627 538 1706 solus,
568 1627 726 1696 interdum
757 1645 829 1691 cum
858 1627 980 1693 lustiuo
1012 1637 1115 1704 errat3

278 1741 334 1808 sed
362 1745 395 1808 iu
422 1741 485 1806 illis
507 1739 624 1818 relius,
648 1761 728 1824 quos
751 1761 791 1806 ex
814 1741 950 1806 sinceris
973 1741 1114 1808 lontibus

275 1855 398 1931 hausit,
436 1852 525 1914 testis
563 1862 612 1914 est
647 1853 773 1916 minime
810 1855 1023 1940 spernendus.
1040 1857 1112 1936 ¹³³)

274 1967 392 2034 Nostro
422 1971 526 2030 autem
552 1960 626 2030 loco
657 1965 691 2029 iu
717 1961 800 2031 libro
831 1967 994 2033 annalium
1022 1986 1111 2032 moro

273 2081 419 2150 conlecto
457 2080 622 2146 iuvenisse
659 2079 799 2161 videtur,
837 2080 961 2149 Sullam
989 2081 1111 2158 iisdem,

274 2219 356 2288 quos
397 2198 564 2286 Appiouus
609 2197 737 2278 scribit,
788 2197 977 2266 oonsulibus
1020 2197 1112 2265 oboli-

276 2335 379 2382 casse·
392 2316 464 2398 rar)

358 2543 564 2612 Plutarchi
586 2544 771 2632 principalis
794 2564 873 2611 cura
893 2547 927 2610 iu
946 2542 1111 2631 explican-

274 2665 323 2731 dis
353 2662 497 2729 moribus
526 2672 622 2748 atquo
652 2659 761 2728 indole
784 2662 947 2728 clarorum
968 2662 1111 2726 virorum

271 2789 438 2848 versatur:
457 2797 521 2866 qua
543 2779 668 2842 ratione
685 2797 738 2842 res
754 2778 805 2844 vel
821 2776 1059 2842 diversissimas
1078 2777 1111 2838 iu

272 2895 435 2964 narrando
466 2894 638 2975 coniungit,
670 2891 814 2976 aliasque
845 2892 928 2956 iuter
957 2911 1031 2956 sose
1055 2910 1110 2954 co-

271 3102 1112 3121 Ww—QW--u--ae

361 3247 433 3322 ¹³³)
457 3247 627 3304 Brelrrius
658 3245 702 3302 cit.
735 3237 764 3322 ξ.
793 3243 865 3302 238.
891 3271 929 3282 -
959 3241 1111 3298 Fabricii

272 3350 395 3409 biblioth.
419 3347 463 3404 lai.
486 3349 566 3414 lV,3.

362 3493 433 3572 ¹³⁴)
456 3499 603 3555 Novissime
626 3498 705 3554 docte
727 3497 846 3568 scitoque
876 3493 909 3548 de
937 3492 1033 3547 Orosio
1057 3492 1108 3546 dis-

275 3601 374 3676 putavit
407 3599 608 3656 tlcrnerus:
656 3599 692 3654 lte
721 3597 767 3652 Or.
800 3595 850 3650 vite
879 3592 989 3664 eiusque
1017 3591 1112 3648 histor.

276 3701 340 3758 libb.
367 3699 458 3760 1846.
