2770 4814
557 731 762 802 ,45-

241 927 293 992 ius
316 922 506 990 concionum
527 921 661 989 violare.
704 917 786 985 Dein
806 915 995 983 Gerlocirius
1018 913 1078 980 oh-

242 1043 318 1108 iitus
362 1059 436 1106 cose
472 1037 614 1118 uidetur,
658 1053 878 1124 quemcunque
923 1033 1081 1120 priuatum

244 1157 439 1226 concedente
467 1159 656 1242 magistratu
677 1152 780 1222 verbo
806 1152 1017 1219 inconcione
1039 1149 1083 1214 od

176 1325 191 1355 .
242 1276 394 1366 populum
415 1275 523 1341 facere
543 1274 706 1360 potuisse,
741 1273 874 1357 eiusque
896 1271 944 1336 roi
964 1266 1038 1333 inde
1062 1286 1082 1333 a

242 1393 322 1460 lulio
344 1391 485 1459 Proculo
515 1388 661 1478 exempla
686 1389 824 1456 inveniri
849 1384 1079 1474 plurima:¹¹⁹)

243 1509 406 1576 Audacem
434 1510 532 1594 igitur
552 1517 735 1597 praetorem
756 1505 808 1572 vel
829 1502 989 1570 tribunum
1011 1501 1080 1591 ple-

244 1626 295 1692 bis
317 1634 441 1700 nactos,
463 1624 604 1712 Lepidus
627 1617 925 1708 ctiom'dcsignotus
949 1622 1080 1686 concio·

246 1745 319 1810 nori
340 1752 474 1831 poterat
511 1742 583 1823 Quo
602 1745 636 1810 in
658 1761 694 1808 re
717 1739 806 1807 solos
828 1738 1087 1804 Dromonnus

247 1870 368 1928 rectum
393 1857 487 1926 uidit:
515 1861 619 1947 ipsam
648 1860 825 1926 orationem
854 1855 989 1922 Brossio
1022 1852 1081 1921 oh·

246 1989 344 2055 storo,
366 1978 399 2042 in
422 1995 486 2062 qua
500 1975 641 2064 Lepidus
664 1997 700 2043 sc
723 1973 887 2042 consulem
908 1991 980 2040 curn
996 1990 1082 2037 sum-

246 2115 296 2162 mo
314 2069 447 2184 imperio
463 2093 556 2160 dicat.
581 2093 694 2172 „Mihi
715 2093 818 2176 inquit
840 2089 949 2172 (dd),
972 2107 1083 2174 quanm

247 2232 342 2298 quarn
370 2231 430 2296 per
457 2210 519 2274 hoc
549 2229 738 2276 summum
766 2207 973 2294 imperium
1005 2207 1084 2270 satis

248 2326 428 2412 quaesitum
450 2334 520 2390 erat
529 2375 633 2404 .....
648 2335 753 2390 tamen
779 2326 886 2413 potior
906 2324 978 2388 visa
998 2325 1084 2410 pori-

249 2441 364 2508 culoso
384 2440 519 2508 libertos
543 2489 672 2508 ......
692 2441 802 2508 adeste
825 2440 965 2522 Quirites
988 2452 1020 2508 et
1040 2440 1084 2508 Μ.

247 2558 403 2647 Lepidum
432 2559 642 2626 consulem
672 2561 841 2647 sequimini
862 2558 904 2628 od
926 2561 1085 2647 recipiun-

127 2662 129 2666 ’
249 2677 321 2744 dom
342 2676 552 2743 libertatem.“

328 2906 395 2973 lom
425 2906 465 2973 de
505 2905 694 2974 satellitibus
731 2905 945 2994 dispiciamus.
1003 2905 1090 2973 Sanc

251 3023 377 3110 quidem
397 3021 542 3113 pluribus
561 3022 643 3090 locis
661 3025 881 3102 nominantem
896 3023 1008 3090 ‘tamen
1023 3027 1091 3090 tota

250 3144 354 3208 oratio
385 3141 571 3221 intercedit,
602 3144 770 3229 quominus
800 3161 870 3207 cum
898 3139 1013 3207 Douza
1039 3140 1088 3205 f-

251 3259 382 3325 ciamus.
425 3257 518 3326 Sulla
540 3260 624 3324 enim
646 3259 736 3326 solus
765 3261 902 3326 omnium
934 3257 1090 3326 malorum

252 3375 415 3460 arguitur3
451 3375 541 3440 solus
570 3375 749 3441 libertatem
776 3376 929 3464 impedire
959 3376 1089 3453 dicitur3

250 3491 313 3558 hoc
335 3511 399 3559 uno
423 3488 551 3557 sublato
573 3509 711 3578 acquum
732 3493 783 3560 ius
811 3493 998 3562 ostenditur.
1026 3491 1089 3559 Sa-

860 3701 1089 3712 ..κ-...Ἥ

343 3824 416 3902 1¹⁹)
440 3829 663 3901 Gottlinqius
686 3831 721 3887 n.
