2770 4814
180 903 184 914 '
247 909 297 966 ter
335 897 562 986 rempublicam
594 909 625 964 et
653 895 730 965 belli
760 896 853 964 linem
877 898 929 975 ait,
948 895 1001 978 aa)
1024 897 1087 964 uisi

249 1025 375 1081 mancat
404 1014 539 1102 expulsa
568 1017 657 1101 agris
687 1014 815 1103 plebes,
844 1013 966 1102 praeda
994 1033 1087 1080 acer-

249 1132 401 1212 bissuma‚
426 1135 477 1199 ius
500 1132 714 1220 iudiciumque
737 1134 875 1199 omnium
902 1151 1009 1204 rerum
1030 1151 1087 1220 pc·

248 1269 306 1316 nes
330 1269 381 1327 se,
412 1248 498 1336 qnod
520 1249 631 1339 populi
653 1251 778 1316 romani
797 1247 864 1315 init.
886 1248 914 1332 §.
935 1248 966 1316 8.
997 1247 1088 1329 Quae

248 1368 276 1432 si
298 1365 391 1433 vebis
415 1386 478 1454 pax
501 1376 533 1432 et
554 1368 734 1454 composita
753 1365 988 1452 intelliguntur,
1020 1386 1088 1432 ma-

248 1485 334 1548 xima
355 1481 557 1548 turbamenta
566 1505 568 1512 ·
578 1481 775 1570 reipublicae
790 1492 886 1568 atque
901 1483 998 1548 exitia
1012 1501 1090 1570 pro-

250 1597 334 1675 bate,
351 1599 481 1666 annuite
502 1597 630 1684 legibus
651 1600 819 1687 impositis,
837 1600 971 1686 accipite
994 1600 1089 1666 otium

252 1732 323 1780 cnm
346 1715 478 1781 servitio
501 1725 533 1781 et
554 1714 668 1782 tradite
691 1714 867 1804 exemplum
885 1716 1026 1804 pesteris
1048 1714 1089 1781 ad

252 1829 479 1918 rempublicam
510 1833 624 1898 suimet
652 1834 820 1918 sanguinis
848 1830 995 1899 mercede
1027 1834 1089 1898 cir-

252 1949 524 2016 cumveniendam.
589 1949 667 2016 Mihi
710 1969 902 2037 quamquam
937 1969 997 2037 per·
1030 1949 1091 2016 hoc

252 2085 406 2134 summum
434 2068 601 2155 imperium
631 2068 710 2133 satis
738 2068 917 2153 quaesitum
939 2076 1009 2132 erat
1030 2087 1092 2132 no-

252 2185 328 2250 mini
355 2185 521 2257 maiorum,
544 2183 689 2268 dignitati
718 2193 815 2268 atque
845 2183 939 2248 etiam
966 2184 1092 2269 praesi-
1167 2157 1172 2166 ’

254 2299 317 2376 dio,
346 2311 453 2364 tamen
479 2318 545 2364 non
571 2299 630 2369 init
658 2298 827 2365 consilium
847 2300 991 2387 priuatas
1014 2319 1093 2387 opes

253 2414 443 2498 laterali)
465 2417 635 2503 potiorque
661 2416 734 2482 risa
761 2424 812 2482 est
840 2415 1025 2503 periculosa
1053 2417 1093 2484 li-

254 2708 332 2763 etiam
353 2705 447 2777 religio
469 2707 574 2778 pietatis
595 2714 640 2762 aut
661 2705 776 2762 aliorum
788 2705 949 2777 ciliciorum
962 2705 1091 2762 violatur:

255 2805 387 2878 parricida
415 2804 520 2860 civium.
551 2803 626 2860 Catil.
656 2803 1015 2872 detumescens
1038 2805 1093 2861 Cic.

343 2899 394 2979 65)
428 2903 466 2960 lta
495 2903 556 2960 libri
585 2921 636 2960 ms.
668 2901 790 2962 Cor'tet
822 2905 1008 2980 „reipublicae
1035 2923 1095 2962 esse

255 3003 319 3060 belli
341 3003 461 3076 linem;“
485 3005 557 3078 quod
585 3006 666 3064 ductu
693 3023 748 3063 non
769 3006 883 3064 mrrltum
904 3007 983 3064 distat
1012 3002 1054 3084 (it
1075 3007 1095 3062 P

256 3113 282 3162 et
302 3136 345 3145 -—
366 3105 388 3162 lt
409 3105 430 3160 P
452 3100 527 3181 de):
560 3107 607 3164 sed
629 3119 756 3180 praesens
785 3120 837 3179 pro
864 3105 955 3162 buturo
978 3107 1096 3178 positum

257 3205 376 3261 oilendit.
412 3207 571 3263 Orellius
599 3224 707 3282 quoque
735 3205 876 3280 (1831.)
906 3207 977 3262 hunc
1005 3206 1095 3262 locum
1147 3219 1152 3227 ·

258 3315 416 3377 corruptum
437 3313 521 3377 putat.
566 3308 644 3364 Certe
665 3307 744 3364 munia
765 3307 892 3364 brevitate
913 3305 1031 3378 laborat;
1053 3307 1095 3363 vix

257 3405 326 3461 enim
356 3421 512 3477 comparare
539 3405 603 3462 licet
632 3408 841 3464 Ciceronem
876 3423 927 3480 pro
957 3406 1011 3463 llil.
1042 3407 1094 3467 23.

258 3504 361 3564 verbis:
391 3504 467 3562 multi
489 3506 566 3563 etiarn
589 3507 723 3564 Catilinam
746 3517 772 3565 et
793 3507 837 3564 illa
858 3515 982 3581 portenta
1003 3507 1093 3581 loque·

255 3605 362 3664 buntur.

346 3701 399 3779 66)
422 3706 534 3764 Locutio
557 3715 625 3766 teste
647 3707 747 3766 Seneca
771 3709 798 3765 in
820 3724 864 3782 ep.
890 3708 950 3767 114
972 3705 1096 3764 Sallustio

260 3805 379 3878 propria.
404 3806 558 3863 Gerlach.
