2770 4814
428 755 726 825 ...4-

217 941 342 1009 efficere
371 952 520 1028 possent3
549 942 607 1007 sed
636 942 801 1029 deperdita
821 942 885 1008 iam
907 941 1051 1008 colchica

217 1060 302 1126 illius
317 1057 453 1124 Medeae
469 1068 537 1124 arte
553 1061 706 1125 maiorem
721 1058 932 1144 diligentiam,
955 1079 1050 1143 quam

215 1185 362 1244 euentum
389 1175 579 1241 habuerunt.
592 1179 623 1259 ²)
667 1175 739 1256 Qua
767 1196 802 1242 re
832 1175 973 1240 deterriti
997 1196 1049 1240 re-

215 1295 375 1360 centiores
405 1291 548 1358 uberiori
580 1313 650 1357 cum
671 1292 777 1358 fructu
799 1292 936 1358 studium
960 1311 1050 1356 suum

216 1415 249 1477 in
279 1409 359 1476 solis
387 1408 563 1475 maioribus
591 1409 778 1494 fragmentis
802 1408 1050 1474 collocaverunt.

216 1527 306 1609 Quae
344 1528 426 1593 enim
460 1525 667 1590 librariorum
695 1523 847 1590 socordia
871 1524 966 1589 foede
995 1523 1051 1588 de-

215 1645 376 1732 pravavit,
411 1661 451 1706 ea
483 1641 690 1707 'Gerlacbii
727 1651 880 1705 accurata
907 1640 1050 1706 codicum

216 1761 437 1826 vaticanorum
475 1757 603 1822 collatio
623 1761 655 1836 ³)
694 1769 724 1824 et
761 1777 864 1842 sagax
901 1755 1051 1822 Orellii

219 1877 355 1942 studium
370 1875 402 1952 ⁴)
432 1875 574 1960 plurimis
602 1876 636 1938 in
657 1875 739 1938 locis
763 1872 953 1938 refecerunt.
996 1871 1051 1935 Ni-

217 1993 281 2057 hilo
310 2002 417 2056 tamen
445 1992 550 2056 secius
581 1988 620 2054 de
643 1989 749 2054 multis
772 1989 887 2065 rebus,
915 2007 997 2072 quae
1020 1987 1052 2048 in

218 2108 267 2172 his
295 2105 470 2172 maioribus
498 2104 685 2190 fragmentis
722 2114 912 2182 tractantur,
951 2104 1053 2166 minus

219 2233 359 2299 constat,
384 2221 557 2310 pluresque
579 2221 668 2298 libri,
696 2223 750 2306 qui
772 2221 813 2285 ad
837 2219 961 2284 dicendi
983 2229 1052 2283 tex-

218 2351 280 2405 tum
304 2339 416 2404 melius
434 2339 655 2424 castigandum
669 2338 777 2404 faeere
794 2337 949 2412 videntur,
971 2338 1055 2400 inter

221 2477 294 2521 sese
316 2453 457 2518 nondum
481 2458 656 2542 comparati
680 2464 769 2530 sunt,
785 2456 815 2529 ⁵)
844 2456 889 2521 ita
911 2463 944 2517 ut
966 2451 1053 2517 multi

215 2689 376 2698 ...m-—

310 2826 341 2906 ²)
363 2832 400 2886 lle
422 2831 464 2886 his
487 2831 545 2886 ride
567 2831 603 2886 sis
625 2830 875 2886 l'uhrmannum
897 2831 939 2886 in:
969 2829 1054 2886 Hand·

220 2931 291 2986 buch
321 2931 369 2986 der
397 2931 476 2986 class,
508 2931 648 2985 Literatur.
680 2930 770 2986 1810.
800 2930 841 2996 lV,
858 2930 917 2986 581
942 2947 983 3001 sq.
1011 2959 1054 2967 —

223 3032 319 3086 llritz
343 3031 376 3085 de
399 3029 428 3086 C.
452 3031 515 3086 Sall.
538 3030 702 3103 fragmentis.
728 3027 820 3086 1829.

310 3157 340 3238 ³)
364 3163 572 3218 Gerlachius
587 3163 616 3218 (l.
625 3161 741 3218 Sallustii
757 3178 824 3236 qnae
837 3168 949 3218 exstant.
963 3160 1053 3218 1827.

220 3263 252 3318 lll
267 3263 349 3328 tomi,
372 3263 444 3319 lrnis.

311 3390 340 3469 ⁴)
365 3395 394 3450 G.
418 3395 533 3452 Sallustii
563 3402 642 3451 oratt.
665 3405 691 3450 et
713 3395 791 3467 epist.
814 3412 845 3450 ex
867 3394 1002 3450 historiar.
1026 3393 1055 3446 li·

224 3497 280 3553 bris
310 3497 463 3569 deperditis.
501 3496 591 3572 1831.
619 3526 662 3534 -
706 3495 736 3550 [l.
766 3495 830 3551 Sall.
861 3494 983 3558 Catilina,
1013 3493 1053 3547 lu·

223 3598 319 3671 gurtha
340 3604 419 3652 oratt.
442 3603 468 3652 et
490 3613 552 3668 epp.
578 3595 669 3652 1840.

313 3723 341 3802 ⁵)
365 3729 461 3800 Utputa
494 3730 573 3786 editio
601 3730 744 3801 princeps,
779 3743 847 3800 qnae
875 3741 943 3780 anno
975 3725 1057 3783 1475

225 3830 329 3886 octonis
350 3831 448 3888 llomae
469 3831 581 3902 prodiit,
604 3831 720 3885 nondum
743 3845 803 3884 cum
820 3827 877 3882 aliis
893 3825 988 3881 collata
1006 3834 1057 3882 est.
