2770 4814
554 737 767 808 ..27—

240 947 373 1017 quaeso
402 927 519 993 lactum
549 935 615 1002 est,
645 934 680 991 ut
706 921 863 1009 Lepidus,
892 919 1012 1009 populo
1028 919 1081 986 -ad

242 1067 332 1114 arma
353 1055 483 1120 vocato,
507 1041 618 1110 Sullae
640 1041 792 1108 ultionem
815 1038 984 1126 effugerit?
1031 1042 1082 1127 At,

243 1165 340 1242 dices,
364 1161 474 1228 Sullae
496 1161 640 1248 potentia
660 1161 724 1226 iam
745 1159 909 1224 imminuta
936 1169 1022 1238 erat,
1051 1171 1083 1226 et

243 1301 335 1368 quem
358 1299 378 1346 a
400 1277 570 1345 consulatu
593 1275 751 1363 repellere
773 1294 839 1340 uon
862 1274 976 1355 valuit,
1002 1295 1083 1342 eun-

242 1399 314 1466 dem
343 1394 499 1485 Lepidum
534 1404 609 1482 post
641 1394 724 1459 hauc
758 1394 936 1458 orationem
970 1391 1083 1458 ulcisci

242 1536 308 1582 neu
338 1525 388 1580 est
415 1532 530 1580 ausus:
567 1512 665 1577 cessit
693 1509 828 1598 populo,
864 1507 1084 1586 dissimulavit,

243 1632 377 1716 ignovit.
419 1627 476 1694 llis
499 1646 581 1714 quae
605 1627 833 1715 respondeam,
860 1625 943 1694 haec
967 1626 1083 1694 habeo.

246 1746 333 1814 Sane
363 1745 489 1834 quodem
517 1743 611 1811 Sulla
640 1745 770 1811 nonnisi
798 1744 935 1831 partium
963 1753 995 1809 et
1024 1763 1085 1832 po·
1126 1730 1129 1737 ¹

246 1865 313 1954 puli
340 1865 447 1950 gnatia
467 1860 611 1938 valebat,
642 1879 737 1948 quam
759 1859 883 1937 dando,
904 1857 1086 1944 largiendo,

245 1980 442 2068 indulgendo
472 1990 568 2067 atque
587 1979 740 2045 ‘ciuitatis
778 1977 949 2063 legumque
979 1975 1087 2065 suecis

226 2109 377 2188 'captare
414 2095 573 2164 studebat.
616 2091 685 2160 Hoc
721 2092 826 2160 studio
863 2094 987 2173 ductus,
1023 2097 1087 2160 iaus

248 2227 321 2282 aute
349 2213 507 2300 Lepidum
534 2211 647 2278 urbem
674 2220 748 2299 post
776 2211 910 2297 primatu
947 2211 987 2278 de
1014 2211 1087 2277 Ma·

249 2333 349 2396 uasis
382 2331 549 2396 victoriana
579 2347 651 2394 cun
682 2329 823 2394 exercitu
858 2338 981 2406 teneus,
1019 2330 1087 2396 suis

251 2445 430 2514 candidatis
461 2445 616 2534 repulsis,
651 2444 817 2531 Lucioque
840 2443 944 2512 (iuna
971 2457 1003 2514 ct
1031 2445 1088 2512 Con

250 2562 385 2630 Octavio
409 2561 597 2630 concidibus
619 2561 726 2640 lectis,
754 2563 907 2630 laetitiam
928 2562 1091 2631 duuulavit

250 2680 337 2768 quod
364 2677 504 2767 populus
534 2699 596 2746 sua
623 2679 771 2746 libertate
804 2699 884 2746 usus
920 2690 1016 2757 esset,
1036 2681 1088 2763 ²⁰)

252 2808 347 2882 atque
378 2795 566 2860 dictaturam
593 2813 660 2862 uon
686 2797 755 2862 iure
778 2813 940 2862 armorum
963 2813 1090 2882 capere,

253 2912 310 2977 sed
346 2930 366 2976 a
401 2911 521 3000 populo
556 2911 617 2978 sibi
646 2910 765 2980 deserni
791 2911 916 2980 maluit:
938 2912 1017 2992 hac,
1039 2915 1089 2980 in-

253 3047 365 3120 quam,
382 3029 529 3106 ¹ratione,
553 3039 626 3094 acta
648 3049 709 3096 sua
729 3028 849 3118 populo
873 3029 1092 3098 confirmanda

254 3144 347 3222 dedit,
370 3145 586 3234 consulesque
610 3167 645 3213 se
668 3147 824 3213 dictatore
847 3149 952 3214 creari
973 3167 1091 3237 passus

255 3271 313 3336 est,
341 3264 474 3348 ipseque
505 3263 707 3330 consulatum
734 3266 851 3352 petivit.
895 3263 931 3331 ln
957 3264 1091 3352 siugulis

254 3379 352 3462 igitur
380 3376 478 3444 rebus
508 3379 644 3446 asseclis
673 3381 741 3446 suis
771 3382 928 3450 interdum
951 3385 1090 3469 morige-

256 3515 345 3573 raus⁷
366 3496 428 3562 hoo
457 3499 529 3584 ipso
552 3508 742 3584 potestaten
772 3498 920 3568 tuebatur
947 3521 1013 3570 nou
1036 3521 1092 3568 so-

347 3818 398 3896 ³⁰)
421 3823 631 3884 Plutarchus
654 3828 679 3885 ia
702 3831 752 3885 vita
774 3828 862 3888 Sullae
885 3844 943 3900 cap.
960 3827 1009 3886 to.
