2770 4814
603 761 814 832 ...13-

287 954 399 1030 iuerit,
429 969 492 1037 quo
522 951 655 1038 captivis
671 953 724 1030 ²⁵)
754 949 911 1016 libertatis
935 965 1044 1014 curam
1066 949 1123 1013 mi-

289 1073 376 1136 seria
408 1070 538 1134 eximat:
570 1104 610 1116 -
639 1078 694 1133 aut
717 1069 745 1132 si
767 1065 988 1156 provideritis,
1020 1067 1054 1132 in
1075 1068 1123 1131 vi-

288 1186 456 1269 tandis²⁵)
487 1184 638 1274 periculis
667 1185 788 1269 magis,
817 1203 912 1270 quam
938 1182 1124 1249 ulciscendo

289 1304 466 1370 teneamini.
519 1302 547 1385 i.
569 1303 601 1367 2.
645 1299 808 1366 Satellites
839 1302 922 1366 enim
951 1301 1036 1379 eius,
1065 1299 1125 1366 ho-

288 1422 389 1486 mines
428 1421 566 1485 maxumi
602 1419 758 1495 neminie,
797 1419 934 1505 optumis
970 1419 1126 1483 maiorum

280 1537 459 1626 'exemplis
488 1555 614 1621 nequeo
647 1538 725 1602 satis
748 1535 872 1614 mirari,
904 1537 957 1620 qui
980 1533 1126 1600 domina-

179 1637 181 1642 *
289 1655 386 1718 tionis
409 1654 442 1717 in
465 1670 525 1717 vos
549 1654 712 1717 servitium
735 1671 827 1716 suum
848 1649 1027 1717 mercedem
1042 1650 1127 1728 dant,

259 1809 270 1889 p
291 1779 322 1834 et
344 1779 511 1855 utrumque
534 1770 763 1855 periniurium
784 1768 921 1846 malm,
950 1787 1045 1854 qnam
1068 1788 1127 1856 op-

290 1897 375 1954 tumo
405 1888 475 1952 iure
506 1884 599 1952 liberi
622 1905 737 1970 agere:
765 1885 937 1972 praeclara
956 1884 1128 1952 Brutorum

290 2013 385 2088 atque
414 2002 620 2068 Aemiliorum
656 2013 753 2088 atque
780 2001 981 2068 Lutatiorum
1008 2002 1128 2090 proles,

291 2122 389 2206 geniti
411 2119 453 2186 ad
476 2139 530 2198 ea,
560 2140 643 2206 quae
665 2121 805 2185 maiores
828 2122 940 2185 virtute
963 2139 1129 2206 peperere,
1209 2095 1211 2100 Ι

292 2235 530 2303 subvortundal
547 2237 599 2316 nr)
643 2235 722 2300 Nam
747 2234 822 2322 quid
844 2235 1018 2320 al‘yrrho,
1041 2235 1129 2302 Han-

294 2351 415 2431 nibale,
438 2351 647 2440 Philippoque
671 2362 701 2418 et
715 2351 871 2420 Antiocho
895 2351 1058 2420 defensum
1082 2365 1131 2420 est

293 2468 395 2548 aliud,
424 2467 519 2555 quam
545 2468 679 2538 libertas
708 2480 739 2536 et
766 2489 846 2536 suae
875 2472 990 2560 cuique
1019 2471 1129 2540 sedes:

294 2805 421 2864 „metum
456 2803 575 2852 vestrum
604 2796 752 2856 sceleribus
780 2798 942 2870 superarit.“
984 2799 1132 2858 illativum

294 2897 461 2953 instrumenti
490 2913 567 2963 esse,
595 2896 676 2952 verbu
698 2897 796 2954 docent
817 2892 884 2975 §phi
906 2899 972 2956 llum
996 2901 1060 2960 dum
1082 2919 1131 2960 vos

294 3004 366 3053 metu
388 2997 518 3069 gratioris
540 2997 631 3052 serviti
650 3015 667 3053 s
689 2999 835 3071 repetundo
851 2999 972 3056 libertate
984 3003 1131 3059 terremini.

383 3108 433 3189 ²⁵)
470 3115 508 3170 lta
535 3115 669 3171 vaticanus
701 3123 830 3189 uterque:
868 3117 951 3173 edits:
985 3120 1131 3191 ‚,cnptis“.

294 3213 460 3270 Burnoul
479 3214 685 3287 interpretatur:
710 3215 826 3282 ,‚vobis‚
850 3218 896 3290 qui
910 3218 980 3291 capti
996 3221 1132 3277 estis:“

296 3314 404 3386 corrige
419 3314 559 3382 ‚‚e1itis,“
573 3331 633 3372 uum
646 3314 679 3371 de
693 3315 784 3372 tuturo
796 3317 1132 3393 petioulotimctLepidus.

384 3424 434 3505 26)
457 3429 509 3486 Alii
533 3431 715 3496 ,‚tntandis“:
739 3432 808 3488 haud
831 3433 909 3491 mole.
954 3437 1086 3496 Caesar
1102 3439 1133 3495 B.

296 3531 327 3586 G.
349 3531 369 3598 1,
379 3530 431 3589 52.
453 3531 533 3587 tutari
555 3532 680 3604 inopiam.
724 3532 777 3588 Sed
799 3533 904 3591 obstant
926 3535 997 3592 libri.

384 3643 435 3722 21)
463 3647 522 3706 Hoc
550 3649 583 3706 ud
612 3649 705 3722 Lepidi
733 3650 865 3724 collegam
894 3660 920 3708 et
948 3654 981 3709 ad
1010 3653 1134 3709 consules

297 3748 432 3818 sequentis
460 3750 534 3816 unni,
564 3751 595 3805 b.
625 3750 736 3806 Brutum
765 3759 792 3806 et
812 3752 974 3808 llatnercum
995 3752 1133 3810 Aemilium

216 3862 219 3868 ·
298 3845 426 3916 Lepidum
446 3844 581 3907 Liuianum
602 3851 738 3923 pertinere
759 3852 872 3909 videtur.
896 3851 1052 3910 Gerlach.
