2770 4814
570 663 799 734 ¹--oo--

273 847 345 914 darn
367 858 537 935 practerea
558 849 640 918 adeo
664 853 840 918 aventato
863 849 1053 928 abhorrent,
1072 860 1111 918 ut

272 964 415 1056 Lepidus
444 967 644 1036 auditoribus
666 969 719 1036 viu
753 967 846 1037 iidem
867 967 976 1035 iacere
998 978 1112 1056 potue-

272 1087 321 1150 rit.
366 1083 519 1153 Sullanos
549 1089 633 1155 anim
655 1089 852 1154 miserrimos
876 1085 964 1164 dicit,
988 1105 1114 1172 quos-a

273 1199 365 1268 Sulla
386 1203 503 1296 ditatos
525 1225 601 1272 esse
624 1187 745 1284 curuos,
760 1206 832 1292 ipsc
850 1203 1004 1271 Sallustio
1021 1214 1112 1283 teste,

273 1319 433 1400 sciebant3
455 1323 527 1402 ¹⁴⁵)
557 1309 682 1410 plebem
709 1323 792 1390 lame
813 1321 966 1390 laborare
991 1332 1113 1400 narrat,

272 1455 344 1504 cunr
366 1441 427 1527 ipsi
451 1439 616 1508 auditores
639 1439 759 1508 effusas
787 1439 978 1526 largitiones
1001 1438 1112 1506 Sabae

274 1557 408 1642 eiusque
453 1559 678 1645 copiosissima
719 1557 815 1648 epula
857 1557 1110 1638 vidissent.¹⁴⁶)

271 1671 438 1740 Postremo
468 1674 623 1761 grauibus
653 1678 687 1742 in
714 1675 810 1743 rebus
845 1674 906 1742 sibi
935 1694 1002 1741 non
1031 1692 1110 1740 con-

273 1799 344 1869 stat,
373 1795 433 1872 ita,
463 1796 610 1880 exposito
642 1813 743 1882 parvo
774 1793 945 1861 satellitum
966 1809 1110 1869 numero,

272 1929 345 1976 mou
368 1909 490 1977 Sullam
521 1931 638 1998 magno
671 1933 742 1980 cum
765 1914 891 1999 agmine
913 1909 1113 1978 incedentem

271 2027 346 2095 lacit
386 2029 434 2113 (§.
458 2030 528 2110 7.),
569 2040 682 2117 atqua,
721 2030 807 2117 quod
836 2032 971 2096 maxime
1003 2029 1111 2106 miror,

273 2137 374 2225 timet,
404 2166 445 2212 ne
474 2148 613 2236 populus
642 2167 754 2236 parurn
783 2146 944 2216 credendo
973 2141 1003 2211 a
1020 2144 1113 2212 Sulla
1229 2181 1234 2208 t

273 2265 550 2332 circumveniatur.
594 2264 676 2345 Quid
709 2285 826 2353 parurn
856 2264 990 2332 credero
1019 2272 1111 2351 pote-

275 2393 347 2448 rant
375 2382 523 2462 leviro,
553 2385 645 2450 cuius
674 2386 822 2473 rapinas,
852 2383 969 2451 caedes
998 2383 1109 2448 incon·
1183 2397 1188 2414 ⁴

313 2813 315 2818 ¹
360 2788 432 2868 ¹⁴⁵)
456 2791 550 2846 Cicero
589 2790 680 2862 parad.
717 2789 796 2856 Vl,2.
834 2820 877 2830 -
912 2787 1110 2845 Sallustius

272 2893 380 2949 Catilina
416 2908 475 2965 cup.
504 2890 555 2948 51.
585 2890 643 2956 34,
670 2905 758 2963 neque
786 2889 861 2962 prins
890 2889 949 2945 finis
977 2887 1111 2962 iugulandi

271 2994 329 3062 init,
344 3010 423 3068 quam
445 2991 520 3049 Sulla
542 2991 651 3048 omnis
673 3007 738 3047 snos
760 2987 855 3048 divitiis
878 2988 1001 3062 explevit.
1027 2988 1110 3044 ibid.

271 3112 330 3169 cap.
362 3093 413 3152 37.
443 3093 537 3150 deinde
565 3091 641 3150 multi
668 3107 801 3148 memores
831 3090 949 3148 sullanae
975 3089 1113 3156 victoriae,

272 3197 344 3269 qnod
373 3211 405 3250 cu
436 3192 566 3268 gregariis
593 3190 721 3248 militibus
742 3191 838 3248 alios
860 3198 1052 3248 senatores
1073 3189 1127 3244 vi·'

272 3295 384 3360 debant,
413 3293 506 3351 alios
535 3293 570 3348 ita
592 3292 735 3358 divites,
762 3297 793 3348 ut
814 3291 889 3364 regio
911 3292 983 3348 viotn
1003 3320 1046 3332 -
1067 3306 1109 3346 ac·

269 3404 351 3452 tatem
373 3401 496 3468 agerent,
526 3391 576 3448 sibi
598 3391 710 3465 quisque
740 3391 801 3448 talia
824 3391 957 3465 sperabat.
979 3391 1052 3447 Adde
1074 3388 1109 3448 ib.

271 3513 348 3570 capp.
372 3495 415 3551 xl.
438 3502 505 3551 eutr.
528 3493 677 3560 xxviiia

361 3675 432 3755 ¹⁴⁶)
455 3680 661 3738 Plutarchus
692 3678 719 3735 in
747 3677 819 3736 Sulla
851 3675 902 3736 35.
931 3676 1110 3750 Appianas

273 3783 299 3838 in
320 3781 383 3838 bell.
407 3781 457 3837 civ.
480 3779 558 3848 1‚tttt.
