2770 4814
246 914 351 982 adhuc
373 913 559 980 diclemrem
582 912 622 978 erl
646 913 795 1000 populum
819 924 851 978 ec
872 929 931 999 pru
951 913 1088 978 coemo«-

246 1053 287 1098 me
310 1033 445 1118 agentis.

332 1262 397 1330 Vll.
431 1262 544 1354 ltaque
583 1264 797 1330 recentiorum
832 1282 894 1350 epe
934 1259 1083 1339 descitum
1192 1307 1194 1312 ·

248 1381 334 1470 qucd
356 1380 397 1465 alr
419 1381 510 1448 initio
532 1379 713 1448 laciendum
736 1389 821 1460 eret,
846 1381 909 1452 iam
932 1377 974 1446 ed
994 1381 1085 1468 ipses

246 1489 375 1567 ueteres
398 1497 604 1584 refugiamus.

334 1731 422 1798 luter
441 1729 503 1798 hus
525 1731 588 1797 iem
610 1729 793 1800 Zonaras
817 1731 964 1816 exiguum
986 1729 1086 1797 libro-

247 1869 318 1916 rum
341 1848 380 1915 de
402 1849 464 1914 hoc
480 1847 606 1914 sullauo
629 1859 770 1938 tempere
795 1849 918 1936 copiam
944 1842 1087 1934 conque-

248 1968 421 2050 ritur.¹²³)
466 1963 593 2045 Quanto
631 1965 758 2032 felicior
793 1965 847 2032 ille
884 1963 996 2043 uubis,
1034 1968 1086 2053 qui

248 2084 357 2173 plures
379 2083 499 2162 libros,
530 2103 665 2170 quorum
686 2105 767 2168 usus
791 2083 836 2148 illi
858 2082 997 2168 patebat,
1019 2081 1087 2149 lru-

249 2211 318 2266 stre
339 2198 570 2278 desideramus,
591 2201 663 2282 ¹²⁴)
687 2209 783 2284 etque
806 2215 845 2262 cx
868 2196 1008 2264 disiectis
1032 2218 1090 2285 per

251 2314 350 2381 multe
370 2313 534 2381 uolumine
559 2311 641 2379 locis
671 2333 737 2378 meu
760 2323 921 2402 speratam
943 2330 1089 2393 messem,

252 2430 311 2497 sed
333 2440 428 2496 tenue
451 2429 648 2519 spicilegium
674 2448 791 2516 meguc
815 2449 886 2498 cum
908 2429 1022 2498 labere
1037 2433 1091 2500 vix

248 2545 460 2636 percipimus!
499 2593 501 2600 .

333 2776 485 2842 Veterum
515 2785 620 2840 autem
655 2793 739 2860 quae
767 2774 809 2842 cd
838 2792 899 2842 ucs
930 2773 1098 2843 devenere.

253 2892 435 2960 testimonie
467 2889 623 2958 triferium
658 2889 756 2958 diuidi
796 2902 941 2979 possunt
990 2891 1093 2961 lluum
1196 2963 1210 2994 .-

720 3155 726 3159 —
736 3151 1092 3172 *mm-*¹¹¹0-

251 3349 254 3356 '
339 3344 413 3423 ¹²³)
437 3350 553 3408 Zcueres
583 3346 768 3406 manualibus
790 3343 896 3418 lx,31·
919 3301 982 3402 11111·
1005 3347 1091 3406 1111111·

249 3466 312 3526 pag.
335 3448 410 3510 279.
547 3433 563 3458 '²

340 3613 413 3692 ¹²⁴)
437 3617 534 3691 Utpute
557 3613 712 3672 Zenobii
735 3611 840 3679 librum,
864 3611 924 3685 qui,
945 3617 1013 3666 leste
1035 3611 1092 3668 Sui·

250 3718 300 3784 de,
330 3718 447 3776 Sallustii
480 3717 605 3774 historias
632 3729 731 3787 graece
762 3712 883 3771 reducite
918 3709 1016 3767 usur.
1049 3713 1094 3768 cit.

253 3811 284 3892 ς.
310 3815 381 3874 rm.
915 3840 919 3851 -
952 3847 957 3856 -

868 3913 888 3968 4
