2770 4814
623 694 911 798 --rr--¹

306 887 393 954 tandi
407 889 503 973 inops
517 886 570 967 88)
600 882 834 972 despectusque
856 900 897 947 ne
920 881 1051 950 aemilia
1074 885 1145 970 qui-

308 1004 379 1070 rlem
401 1001 550 1070 alimenta
581 1000 706 1087 reliqna
727 999 823 1066 habet
844 1001 899 1078 39)
922 998 1093 1067 Sociorum
1115 1012 1146 1066 et

307 1120 378 1188 Lati
401 1138 519 1205 magna
539 1121 590 1185 vis
613 1119 738 1184 ciuitate
761 1137 820 1206 pro
837 1116 947 1205 multis
958 1127 989 1184 et
1004 1121 1145 1204 egregiis

306 1218 399 1310 lactis
421 1235 550 1303 avobis
573 1237 649 1310 data
669 1255 729 1324 per
750 1253 846 1302 nuum
868 1234 1077 1321 prohibentur
1093 1237 1146 1320 ⁴⁰)

306 1367 337 1423 et
364 1354 469 1444 plebis
495 1356 645 1420 innoxiae
674 1354 797 1443 patrias
828 1341 924 1420 sedes
947 1371 1147 1441 occupavere

305 1475 401 1563 pauci
423 1471 579 1539 satellites
596 1473 649 1555 ⁴¹)
671 1469 850 1538 mercedem
864 1469 1040 1538 scelerum.
1083 1470 1147 1538 Lo-

308 1610 367 1674 ges
394 1587 514 1656 iudicia
540 1591 718 1667 aerenum,
754 1589 941 1676 provinciae
970 1605 1066 1672 reges
1095 1590 1147 1670 ⁴²)

275 1971 288 2008 .·
329 2001 331 2008 ¹
395 1934 447 2015 ³⁸)
469 1940 577 2014 Agilone
598 1939 724 1998 Sallustio
746 1939 879 1997 interdum
900 1939 971 1998 idem
999 1948 1053 2009 est,
1075 1939 1147 2016 'quod

308 2041 456 2110 ‚,vivere.“
484 2041 557 2116 lug..
582 2042 631 2100 18.
660 2041 774 2114 propius
795 2057 868 2098 mare
890 2040 1031 2114 agitabant.
1063 2043 1146 2098 Ger·

305 2142 390 2199 lach.
513 2125 514 2128 Ἰ

393 2234 445 2312 ⁸⁹)
468 2239 613 2297 Servorum
640 2239 691 2296 vita
720 2247 746 2294 et
774 2238 897 2296 alimenta
928 2248 992 2297 tune
1018 2243 1148 2314 temporis

309 2357 340 2394 ex
362 2339 532 2394 dominorum
553 2335 662 2394 arbitrio
684 2337 842 2412 pendebant.
867 2339 949 2396 Cato
972 2327 1007 2397 de
1028 2335 1147 2398 re'rust.

187 2425 217 2495 “.
308 2438 457 2498 5648.
502 2439 590 2523 Quare
610 2439 643 2495 de
666 2447 739 2495 certa
767 2455 893 2497 mensura
920 2440 965 2497 hic
994 2457 1029 2497 ne
1050 2443 1147 2516 cogita.

297 2531 417 2596 ¹Servilia
438 2538 561 2596 alimenta
582 2539 646 2596 mihi
668 2548 730 2596 sunt
750 2540 885 2598 vilissima.
928 2541 969 2598 Ad
989 2541 1064 2616 leges
1086 2559 1146 2600 cor·

296 2640 390 2696 ,nelias
412 2639 445 2696 de
466 2647 575 2712 sumptu
596 2639 689 2697 alludit
709 2640 835 2712 Lepidus.

276 2749 278 2754 ’
329 2767 334 2777 ·
396 2725 447 2810 ⁴'⁰)
470 2739 571 2809 Nempe
585 2739 707 2806 Lucania,
722 2739 871 2812 Campania,
884 2737 990 2810 Apulia,
1006 2738 1147 2806 Bruttium,

308 2836 427 2904 Etruria,
456 2836 589 2892 Samnium
617 2843 690 2893 totae
710 2836 754 2893 uel
775 2837 872 2910 partim
899 2838 1006 2910 punitae
1035 2846 1061 2895 et
1082 2840 1148 2895 Latii

264 2963 268 2972 ⁴
309 2954 382 3010 pars.
416 2935 584 2994 Niebuhr.
607 2936 749 3012 Vorlesgn.
772 2937 943 3006 eit.l‚153.
974 2929 1148 3016 Gottlin'g.

309 3039 355 3094 cu.
379 3031 408 3115 p.
422 3035 492 3094 inu.

394 3133 446 3211 Η)
470 3135 544 3206 Quos
573 3153 675 3210 paucos
696 3144 775 3194 vocat
795 3136 911 3210 Lepidus
932 3136 1031 3196 Livio
1062 3127 1148 3212 (epil.

308 3233 382 3311 89.)
405 3245 468 3296 sunt
487 3235 577 3292 lllllll
598 3236 735 3310 legionesp
762 3238 924 3316 Appiano
954 3234 1038 3315 (hell.
1061 3238 1113 3294 eiv.
1128 3239 1147 3304 l,

189 3317 192 3322 ²
310 3330 400 3412 100.)
429 3335 509 3392 lllllll
537 3336 667 3409 legiones,
698 3337 805 3412 alioque
832 3337 895 3396 loco
925 3334 981 3416 (ib.
1010 3338 1030 3406 l,
1055 3333 1146 3414 104.)

308 3437 373 3493 CXX
396 3413 477 3492 millia
499 3435 717 3509 legionariorum.
1064 3505 1067 3509 ι

395 3531 446 3612 ⁴²)
470 3536 514 3594 Sic
538 3535 658 3610 collegae
674 3536 783 3595 Metello
801 3536 954 3612 Hispaniam
974 3539 1147 3611 prouinciam,

305 3638 434 3710 Pompeio
456 3637 579 3704 alricum,
594 3621 743 3696 Alexandro
753 3639 785 3695 ll.
807 3639 956 3713 Aegyptum
978 3639 1146 3713 permiserat.

307 3733 376 3810 App.
398 3738 505 3804 l‚102.

916 3837 936 3894 2
