2770 4814
314 913 472 993 Fuerunt,
508 917 561 1001 qui
588 915 673 984 bane
703 917 881 984 orationem
909 933 979 984 earu
1009 937 1069 1006 pn-

230 1041 344 1110 toreut,
368 1049 433 1119 qna
452 1029 594 1118 Lepidus
617 1007 838 1124 cous'iliapsua
858 1031 977 1120 populo
1001 1034 1072 1120 sig-

230 1146 374 1214 niticaret
401 1149 523 1235 potius,
552 1169 648 1236 quam
671 1148 868 1228 declararem
888 1150 940 1233 ⁹³)
963 1168 1074 1238 neque·

168 1349 170 1356 Α
229 1263 380 1353 populum
402 1262 444 1329 ad
466 1264 666 1332 manifestam
686 1269 751 1334 um
772 1275 915 1345 voearet,
931 1265 989 1334 sed
1011 1288 1070 1355 per

229 1381 447 1468 subegerant
468 1381 531 1450 sibi
550 1381 694 1463 fiderent,
717 1403 818 1471 seque
840 1393 972 1451 auctore
995 1395 1070 1453 aeta

230 1497 341 1568 Sullae
364 1498 594 1579 rescinderent,
616 1497 914 1581 exhortaretur.⁹⁴)
1036 1548 1039 1556 .

313 1729 450 1798 Douza
466 1730 519 1812 ⁹⁵)
549 1734 628 1800 recti
656 1731 795 1818 quodam
818 1731 877 1799 sed
898 1732 1069 1800 admodum

229 1865 314 1935 vago
337 1869 437 1918 sensu
460 1847 589 1928 duetus,
612 1847 694 1915 baec
717 1848 871 1938 disputet:
902 1847 1069 1928 „Omnium

229 1967 420 2053 scriptorum
441 1967 596 2046 narratio,
620 1965 773 2046 „Sullam
795 1985 892 2046 anuo,
908 1968 963 2053 qui
984 1967 1069 2034 bunc

227 2081 340 2172 Lepidi
363 2083 564 2151 consulatum
586 2084 776 2163 antecessit,
800 2082 989 2151 dictaturam
1010 2085 1067 2152 de·

227 2202 396 2287 posuisse,
429 2218 509 2266 non
536 2201 695 2268 iniuria
720 2200 806 2267 falsa
833 2199 936 2267 uideri
963 2210 1070 2288 potest

229 2335 269 2382 ex
296 2316 358 2382 bac
380 2316 542 2395 orauere,
569 2318 603 2382 iu
625 2337 690 2404 qua
718 2317 757 2384 de
786 2317 988 2418 abdicatione
1019 2316 1066 2383 di-

231 2441 375 2500 staturae
385 2431 517 2500 verbnm
536 2431 667 2514 nullum,
687 2433 726 2502 de
744 2434 958 2503 dominatione
974 2445 1070 2504 aucta

228 2569 335 2615 sermo
354 2549 480 2616 multus.
504 2549 629 2618 Tamen
647 2552 883 2620 verisimile
898 2571 976 2620 uon
992 2565 1067 2632 est,

227 2664 321 2733 Sulla
349 2666 576 2756 rempublicam
605 2679 762 2736 tractante
792 2669 899 2735 locum
921 2670 1003 2737 adeo
1026 2670 1066 2735 li-

228 2781 328 2848 berae
351 2783 491 2850 orationi
512 2786 545 2851 iu
567 2784 647 2852 urbe
670 2803 862 2852 conoessum
883 2783 1003 2863 fnisse,
1033 2787 1067 2850 si

229 2909 359 2966 tamen
387 2899 464 2988 pubi
491 2904 655 2990 praesenti
682 2905 716 2970 in
746 2903 901 2972 concione
928 2903 1070 2972 habita

583 3147 1061 3158 *mo-m

315 3295 366 3372 93)
389 3301 460 3358 Hace
489 3301 625 3359 bollini
660 3303 790 3360 sententia
818 3310 866 3370 est,
896 3304 941 3377 qui
972 3299 1010 3378 (l.
1042 3322 1067 3360 c.

224 3397 290 3465 Vlll,
311 3398 407 3474 312.)
431 3417 518 3468 „sans
546 3418 576 3457 se
605 3400 748 3459 decouvrir
775 3403 957 3470 eutibromont,
981 3403 999 3459 il
1021 3404 1067 3461 init
1177 3390 1188 3413 ⁴

226 3498 381 3556 ubaumoius
413 3501 605 3558 suffossionibus
632 3503 767 3569 eutendro,
802 3503 905 3577 quelles
933 3510 995 3560 sont
1024 3519 1068 3560 sos

228 3603 324 3656 uues.“

314 3693 367 3772 ⁹⁴)
390 3697 449 3756 Hoc
470 3699 589 3757 Reisio
611 3702 711 3759 arridet
733 3701 752 3758 i.
776 3719 800 3758 e.
823 3717 887 3774 pag.
910 3701 961 3758 48.

315 3793 368 3870 95)
391 3800 468 3870 Apud
490 3800 754 3869 urocseherum,
776 3811 842 3861 tout.
864 3800 909 3859 111.
933 3815 993 3872 pag·
1019 3800 1068 3863 14.

837 3915 839 3923 .
857 3897 903 3956 3*
