2770 4814
693 653 699 668 0

585 709 623 720 ι-
665 669 709 740 ω
754 710 791 720 ιιι-

194 925 197 932 ,
272 869 356 928 sunt.
395 857 515 926 Rerum
537 857 722 928 sane'ordo
744 859 773 924 is
796 868 862 936 est,
890 861 946 946 qui
967 858 1049 926 hene
1071 879 1106 925 se

271 977 404 1055 lrabeat,
439 979 557 1064 quique
588 976 779 1045 documento
818 980 876 1054 sit.
912 988 1039 1045 veteres
1075 980 1108 1043 in

274 1095 473 1165 orationibus
497 1097 566 1163 suis
589 1105 708 1163 certum
738 1106 997 1182 argumentorum
1020 1097 1108 1162 ordi-

274 1235 346 1282 nem
375 1213 487 1286 sedulo
511 1216 721 1300 quaesivisse.
742 1214 815 1294 ¹⁴³)
856 1213 1004 1300 Quinque
1027 1217 1109 1280 enim

273 1343 348 1400 sunt
384 1334 540 1400 orationis
558 1342 694 1420 ‚partes
751 1331 844 1400 Initio
880 1335 963 1399 enim
1000 1342 1112 1399 orator

270 1471 404 1520 monere
417 1450 556 1530 uolebat,
571 1471 611 1517 ne
627 1449 738 1520 Sullae
760 1449 960 1536 tyrannidem
980 1450 1110 1527 ferrent,

274 1590 356 1640 neve
378 1569 451 1638 illos
473 1551 686 1646 imitarentur,
715 1571 770 1656 qui
790 1567 931 1648 Sullam,
955 1590 1049 1656 quam
1071 1568 1110 1633 li-

273 1687 429 1760 bertatem
451 1689 569 1758 sectari
591 1686 729 1756 mallent.
781 1686 873 1755 Hane
895 1690 978 1756 enim
998 1698 1109 1773 tyren-

273 1806 378 1877 nidem
400 1805 634 1874 intolerabilem
656 1825 741 1884 esse,
761 1805 900 1893 ideoque
925 1809 957 1872 ui
979 1805 1110 1894 propul-

274 1923 419 1993 sandam.
463 1922 576 1992 Tertio
604 1922 678 1990 loeo
709 1943 744 1992 se
775 1923 929 1991 aSullae
958 1924 1112 1990 conmotis

276 2059 416 2130 purgare
446 2053 542 2128 atque
563 2043 778 2110 innocentiam
809 2061 898 2110 suam
920 2043 1032 2108 testari
1055 2039 1110 2104 de-

275 2158 389 2238 behat;
417 2143 578 2248 pestremo
608 2169 712 2227 antem
736 2161 869 2239 dooere,
892 2159 1003 2226 Sullae
1025 2161 1112 2224 vires

274 2277 380 2344 futiles
415 2299 490 2344 esse
528 2290 624 2363 atque
653 2278 750 2346 facile
779 2277 968 2346 labefactari
998 2295 1112 2365 posse.

275 2406 370 2482 atque
398 2398 432 2464 in
461 2396 524 2466 line
551 2397 684 2475 hortari,
713 2407 747 2464 nt
775 2416 811 2464 se
834 2396 874 2462 ad
898 2395 1111 2484 recipiendam

275 2513 453 2581 libertatem
483 2523 704 2602 sequerentur.
746 2512 816 2581 Hoc
840 2516 923 2579 enim
947 2514 1112 2578 concionis

277 2631 406 2699 schema
434 2634 556 2698 oratori
583 2633 783 2720 propositum
814 2643 910 2719 atque
939 2629 1111 2697 adumbra-

276 2760 341 2816 tum
361 2751 472 2828 luisse,
487 2754 603 2817 iterata
623 2749 760 2818 lectione
781 2751 876 2818 facile
898 2747 955 2818 tibi
977 2767 1112 2838 persua-

277 2867 410 2936 debitur.
455 2866 522 2934 Sed
550 2889 635 2935 nuno
665 2869 756 2949 vide,
784 2869 944 2956 quomodo
968 2866 1114 2953 singulas

277 3007 330 3052 res
354 2995 385 3052 et
407 2987 617 3071 cogitationes
641 2985 788 3054 adhunc
810 2985 954 3053 ordinem
983 3004 1114 3072 eompou

276 3085 506 3190 sueritatque
546 3101 726 3191 digesserit.
770 3105 908 3172 Primum
937 3105 1039 3179 timet,
1074 3121 1114 3167 ne

276 3221 413 3310 populus
456 3241 607 3290 romanus
652 3242 674 3290 a
715 3222 807 3291 Sulla
849 3223 1116 3290 circumveniatur

285 3635 287 3642 ,
365 3571 436 3651 ¹⁴³)
459 3577 569 3636 Veteres
605 3588 677 3638 eerte
713 3588 856 3653 praecepte
894 3580 921 3636 in
951 3579 1115 3636 orationibus

276 3685 385 3739 secutos
408 3694 467 3738 esse
495 3694 582 3751 nuper
610 3680 689 3738 doete
715 3690 743 3740 et
770 3681 906 3755 eleganter
926 3680 1117 3738 demonstravit

275 3777 492 3852 Spengelios
515 3781 541 3836 in
564 3779 648 3853 praes.
671 3781 807 3843 libatorio.
830 3783 862 3840 ad
883 3780 1070 3841 Alexandrum.
