2770 4814
560 707 767 780 ..47-

244 897 474 984 argumentor?
511 915 565 962 res
601 893 701 984 piene
736 903 807 962 est'
836 894 909 983 lpse
936 891 1080 981 Lepidus

244 1013 389 1080 Douzem
418 1014 540 1080 erroris
570 1014 748 1088 convincet,
770 1012 826 1098 qui
847 1011 1081 1078 abdicationes

244 1149 349 1217 neque
381 1129 482 1196 fuisse
518 1149 623 1216 neque
656 1149 798 1215 unquam
826 1127 964 1196 futuram
996 1145 1080 1202 esse

246 1245 388 1313 affirmet.
419 1245 573 1315 Hortatur
594 1248 677 1318 euim
698 1245 865 1335 pupulum:
888 1243 1082 1330 „Agendum

245 1374 309 1440 est,
337 1363 496 1443 Quirites,
525 1383 630 1449 neque
656 1364 740 1429 votis
768 1361 915 1450 paranda
946 1359 1080 1429 unsilia:

244 1483 307 1548 nisi
328 1479 411 1548 forte
434 1482 582 1569 speratis,
604 1479 782 1547 taedium
803 1480 879 1545 iam
901 1489 956 1545 aut
977 1476 1081 1566 pude-

248 1615 316 1662 rem
338 1597 567 1680 tyrannidis
589 1596 730 1664 Sullae
753 1617 854 1677 esse,
878 1605 909 1663 et
930 1613 1002 1662 eum
1023 1614 1082 1682 per

248 1711 355 1779 scelus
378 1724 536 1802 occupate
557 1715 771 1801 periculosius
794 1713 1081 1780 dimissurum?

246 1829 288 1898 At
307 1829 361 1898 itte
384 1849 423 1896 eu
446 1831 615 1919 processit,
636 1840 671 1896 ut
692 1833 823 1898 omniu
844 1827 1081 1898 retinendae

247 1946 538 2017 dominationis
559 1946 907 2016 honesta.aestumet.“
928 1985 971 1994 -
991 1946 1081 2014 Alio-
1158 1965 1161 1971 ¹

246 2083 308 2150 que
338 2064 412 2132 loeo
443 2064 487 2130 M.
517 2063 671 2132 Aemilius
704 2065 906 2131 criminatur:
950 2082 1081 2150 „neque

244 2181 340 2248 ulitur
366 2180 442 2248 belii
469 2181 562 2248 inem
584 2183 637 2259 ait,
674 2182 737 2246 nisi
758 2190 928 2246 maneat
949 2179 1085 2266 expulsu

211 2383 217 2394 ·
246 2298 337 2381 agris
366 2294 478 2383 plebes
498 2331 541 2342 —
561 2298 624 2362 ius
651 2295 928 2382 iudiciumque
953 2297 1082 2362 omni-

246 2431 305 2480 um
328 2431 461 2480 rerum
483 2433 610 2502 penes
634 2432 695 2493 se,
718 2413 804 2500 quod
826 2413 936 2503 populi
959 2413 1084 2479 romani

246 2530 340 2600 suit.“

330 2761 498 2824 Postremo
528 2777 632 2841 neque
659 2757 716 2822 illu
743 2759 876 2843 propius
899 2757 940 2821 ad
962 2759 1085 2823 verita-

247 2887 310 2942 tem
333 2873 504 2950 aecedunt,
534 2891 618 2958 quae
647 2891 667 2938 a
687 2872 850 2940 nonnullis
874 2871 1084 2962 disputantur,

249 2991 358 3072 „hane
385 2989 573 3068 orationem,
603 3007 794 3076 quemquam
814 2988 905 3068 loeo,
933 2989 1031 3058 rebus
1054 3001 1085 3058 et

247 3122 390 3196 tempure
426 3117 547 3194 aptam,
581 3116 688 3172 tanen
716 3117 805 3172 tanto
838 3126 909 3174 uum
940 3108 1082 3194 perieulu

220 3228 449 3291 eoniunctem
478 3223 595 3302 fuisse,
632 3233 666 3289 ut
695 3223 807 3290 haberi
840 3243 905 3289 nun
936 3225 1083 3311 potuerit,

248 3339 1082 3428 ideoquemerumSallustiicommentumesse.“¹²²)

246 3457 295 3526 De
324 3477 466 3548 persona
494 3478 558 3525 nen
586 3455 720 3524 infitior:
756 3456 857 3526 verba
891 3459 974 3526 enim
1003 3457 1084 3524 haee

336 3776 408 3852 ¹²²)
430 3769 600 3836 Bressei.
624 3796 648 3833 e.
