2770 4814
628 747 839 818 ..20-

317 947 375 1018 est,
405 957 470 1004 non
498 955 546 1002 mc
575 955 680 1021 neque
704 952 894 1019 quemquam
917 935 1057 1000 omnium
1080 935 1157 999 satis

315 1065 414 1124 tutum
440 1053 560 1128 luisse,
590 1055 617 1118 si
640 1061 726 1117 recte
748 1051 938 1117 laceramus.
959 1054 1011 1133 ⁵⁰)
1055 1054 1158 1137 Atque

314 1172 373 1239 illa
394 1191 477 1258 quae
500 1180 564 1252 tupi
586 1169 756 1236 formidine
778 1178 939 1235 mercatus
962 1189 1031 1232 sum
1055 1171 1157 1254 pretio
1214 1179 1224 1204 ’

317 1289 441 1368 soluto,
469 1291 539 1355 iure
569 1286 706 1354 dominis
735 1297 841 1352 tamen
862 1286 1006 1362 restituo,
1026 1287 1077 1368 ⁵¹)
1100 1305 1158 1348 ne-

318 1427 379 1493 que
402 1409 467 1496 pati
490 1403 657 1471 consilium
680 1414 729 1469 ast
751 1404 847 1469 ullam
866 1424 904 1470 en
924 1402 1047 1468 civibus
1064 1421 1157 1490 prae·
1196 1378 1199 1382 ⁵

319 1525 392 1590 dam
414 1544 498 1590 esse.
522 1521 609 1588 Satis
631 1519 689 1598 illa
708 1519 836 1600 fuerint,
861 1541 943 1608 quae
967 1521 1056 1587 rabia
1079 1539 1157 1585 con-

318 1653 422 1710 tracta
440 1643 492 1726 ⁵²)
514 1639 731 1717 toleravimus,
753 1659 867 1706 manus
887 1641 1088 1707 conserentis
1107 1621 1158 1704 in-

918 1885 1159 1893 Μ...-

405 2032 456 2113 ⁵⁰)
478 2033 607 2107 Lepidus,
636 2030 741 2086 Siciliae
770 2025 955 2098 depraedator,
984 2024 1160 2080 innocentiam

320 2156 395 2198 suam
409 2137 473 2194 mihi
488 2135 587 2191 irustra
607 2129 753 2206 praedicat.
775 2121 972 2182 Niebuhrio
996 2117 1055 2198 (cit.
1072 2115 1159 2193 525.)

320 2239 400 2298 iidem
428 2235 524 2294 iecisse
552 2234 646 2291 miror.
675 2260 718 2270 --
743 2225 903 2286 llll'rcnatam
931 2221 1081 2296 principum
1102 2237 1158 2276 ava·

321 2325 407 2398 ritiani
430 2339 493 2395 (lato
511 2335 695 2392 Ptolomaeum
717 2327 838 2387 edocuit:
866 2331 938 2390 tota,
960 2311 1054 2396 inquit,
1073 2321 1158 2395 Aegy·

321 2450 369 2514 pto
390 2450 435 2496 tua
456 2439 483 2492 iu
504 2442 643 2508 argentum
664 2439 762 2488 mutata
783 2443 831 2484 eos
852 2442 907 2481 non
928 2422 1043 2480 satiabis.
1071 2420 1160 2478 Plut.

322 2542 386 2596 Cato
408 2539 443 2595 ll.
466 2535 517 2595 35.

410 2632 460 2712 ⁶¹)
483 2635 598 2692 Haerent
613 2625 769 2686 editores‘in
781 2622 977 2696 distinguendo.
990 2620 1159 2678 uditnnu-

322 2756 427 2814 werp.
440 2735 532 2796 1564.
544 2774 561 2801 „
569 2730 667 2806 pretio,
679 2728 768 2785 soluto
786 2725 851 2792 iure,
868 2721 1017 2781 dominis.“
1034 2713 1160 2777 Orell.':

324 2841 436 2916 ,pretio
446 2837 545 2901 soluto,
560 2833 626 2898 iure,
636 2828 779 2888 dominis.“
789 2826 808 2882 C
818 2833 914 2882 orte:
927 2821 1039 2896 „pretio
1052 2819 1159 2876 soluto:

322 2943 382 2998 iure
396 2935 539 2995 dominis.“
553 2921 604 2990 lies
616 2931 694 3004 plana
709 2935 759 2985 cst.
769 2924 884 2998 Lepidus
899 2923 1051 2988 saletum-se
1060 2921 1084 2975 vi
1099 2936 1159 2976 coa-

323 3049 396 3100 ctum
410 3037 494 3093 adana
506 3032 577 3092 bona
590 3031 687 3088 musta
703 3027 830 3092 secuisse,
839 3031 867 3080 et
878 3022 1038 3098 pollicetur,
1052 3035 1083 3075 se
1096 3021 1162 3075 haec

322 3115 436 3200 domiuus
451 3135 637 3193 restituturum
655 3130 722 3196 iure,
738 3140 895 3202 quamquam
912 3122 1003 3196 pretio
1023 3136 1054 3176 ex
1071 3135 1118 3174 sua
1133 3134 1163 3174 re

320 3240 425 3298 soluto.
437 3235 528 3310 ltaque
549 3273 566 3301 „
576 3233 634 3288 iure
644 3235 661 3261 “
685 3232 740 3285 esti
764 3242 815 3300 pro
830 3224 899 3291 iure,
918 3221 956 3278 uti
970 3236 1014 3277 res
1028 3227 1106 3293 atque
1121 3219 1163 3275 ius

322 3335 451 3414 postulat.
486 3335 556 3408 lug.
581 3333 631 3391 14.
668 3329 731 3387 dum
759 3323 988 3398 Carthaginienses
1015 3319 1163 3377 incolumes

323 3439 407 3506 luere,
429 3438 507 3493 iure
529 3434 617 3492 amnia
637 3429 811 3506 patiebamur.
1118 3398 1122 3405 ¹

410 3534 462 3614 ⁸²)
484 3535 558 3617 lianc
585 3532 728 3590 lectionem
761 3543 814 3602 pro
848 3524 961 3582 aliorum
990 3519 1163 3587 „contacta“

324 3637 452 3712 exemplis
474 3652 506 3693 cx
520 3635 623 3701 Plauto,
646 3632 784 3694 Cicerone,
806 3625 879 3681 Livio
900 3623 968 3679 bane
989 3625 1079 3675 tuetur
1099 3616 1162 3674 lla·

323 3737 545 3810 varcampius
566 3732 637 3807 apud
657 3727 925 3789 l'rotschcrum:
955 3721 1113 3777 Commentt.
1137 3719 1163 3773 in

323 3840 387 3898 Sall.
409 3839 451 3905 lll,
474 3836 525 3896 23.
