2770 4814
227 903 316 981 bem,
351 907 384 969 iu
415 916 559 993 egestate
588 919 620 974 et
650 929 753 998 paene
782 915 817 978 iu
846 915 978 981 servilio
1013 935 1065 980 re-

227 1020 378 1087 tinebant.
414 1022 644 1110 Populares
667 1047 746 1094 vero
769 1028 818 1094 his
840 1030 968 1115 iniuriis
991 1051 1066 1116 per-

229 1139 304 1202 moti
340 1137 518 1208 adsocies
547 1142 804 1228 inclinarunt,³)
842 1146 895 1232 qui
926 1165 1066 1232 precum,

229 1265 262 1319 ut
293 1255 454 1341 quondam
483 1257 614 1346 plebes,
651 1264 793 1349 pertaesi
823 1262 864 1328 ed
898 1281 989 1330 arma
1015 1283 1068 1328 re-

231 1383 409 1440 currerunt.
428 1377 460 1454 ⁸)
512 1373 583 1456 Quo
621 1377 707 1446 bello
749 1378 960 1458 ‚‚socieli“
996 1378 1069 1446 dum

230 1487 319 1552 varie
352 1501 534 1576 pugnatur,
575 1492 638 1560 duo
676 1496 752 1572 viri,
793 1497 907 1562 civium
942 1496 1069 1561 dissen-

232 1603 376 1672 sionibus
419 1609 452 1672 iu
492 1620 602 1675 castra
636 1609 778 1688 tralatis,
821 1610 914 1678 civile
951 1610 1070 1680 bellum

233 1719 424 1802 excitant.⁹)

322 1837 372 1918 ¹⁰)
395 1837 494 1925 CaJus
535 1841 618 1906 enim
652 1840 777 1907 Marius
813 1841 850 1908 L.
889 1840 1071 1907 Cornelium

318 2155 348 2236 ι1)
377 2163 521 2236 optimates
559 2172 585 2220 el
620 2165 766 2238 populares
803 2181 864 2222 cum
898 2165 1017 2238 patriciis
1048 2171 1074 2219 el

234 2262 336 2335 plebeis
358 2263 484 2320 conlundi
505 2282 560 2322 nou
580 2266 691 2333 debent,
720 2265 747 2321 in
768 2282 822 2340 quo
845 2265 942 2321 erravit
963 2263 1072 2319 lleri-

234 2361 304 2418 mee
327 2363 351 2419 la
373 2380 473 2436 guerre
494 2366 604 2422 sociale.
634 2367 725 2426 1845.
769 2368 855 2440 Saepe
877 2365 963 2431 enirn,
994 2371 1023 2421 ut
1043 2363 1072 2420 fit

235 2465 262 2518 in
299 2463 421 2522 civilibus
459 2465 613 2533 discordiis,
647 2468 751 2539 patricii
788 2483 849 2524 cum
889 2464 1074 2538 popularibus,

235 2563 324 2636 plebei
366 2583 416 2638 pro
463 2565 632 2638 optimatibus
676 2574 816 2624 steterunt.
874 2565 947 2622 Socii
982 2563 1075 2618 eodem

235 2664 348 2721 discidio
384 2665 551 2722 laborabant:
589 2683 705 2741 quorum
738 2667 814 2724 multi
846 2682 897 2738 pro
935 2662 1075 2721 connubiis

235 2765 346 2838 aliisque
367 2766 569 2824 necessitatibus
591 2769 631 2824 rei
652 2785 777 2826 romanae
799 2765 928 2824 currebant.

326 2879 355 2958 ⁸)
386 2883 549 2940 Weilaud
583 2886 617 2941 de
651 2885 723 2942 hello
750 2885 875 2940 llarsieo.
914 2881 1006 2940 1834.
1035 2911 1077 2919 —-

238 2981 402 3039 llerimee
431 2982 476 3038 cit.
498 3012 541 3022 -
577 2983 761 3042 llieneuer
783 2987 852 3040 rom.
874 2983 1075 3070 Bundesgeuos·

240 3083 374 3156 seukrieg.
401 3083 493 3141 1845.

328 3196 358 3274 ⁰)
393 3200 503 3257 llieue
524 3199 543 3254 1.
569 3216 593 3254 e.
624 3213 684 3270 cap.
705 3198 758 3254 Vll.
801 3200 854 3255 Der
875 3198 1075 3270 Buudesgeuos·

239 3301 363 3374 seukrieg
384 3300 452 3357 wird
475 3299 517 3355 eiu
537 3298 728 3372 Birgerkrieg.

328 3411 378 3491 ¹⁰)
407 3418 538 3473 Auctores
568 3416 747 3473 recentiores:
786 3414 976 3471 Zachariae
1006 3412 1078 3469 Sulla

242 3518 281 3574 als
305 3518 408 3574 Orduer
430 3518 476 3573 des
499 3520 569 3574 rom·
591 3517 743 3573 Freislaals.
776 3515 867 3572 1834.
896 3521 973 3588 parte
994 3514 1014 3568 l.
1036 3543 1079 3552 -—

207 3613 211 3621 '
242 3621 457 3676 lirumauuus
486 3617 582 3674 Geseh.
612 3616 695 3672 lioms
723 3617 751 3671 iu
779 3615 878 3672 seiuem
906 3612 1079 3684 Uehergauge

243 3737 295 3776 uon
324 3720 372 3775 der
402 3717 566 3791 republican.
601 3733 650 3774 zur
679 3715 876 3774 monarclusch.
906 3713 1078 3785 Verlassuug.

247 3820 328 3878 1834
350 3821 376 3876 iu
397 3820 450 3876 vila
472 3817 570 3876 Sullae.
