2770 4814
604 677 812 750 „42-

289 871 362 927 anto
392 861 566 927 orationem
598 863 765 930 dubitasse
790 864 925 932 videtur.
942 867 1013 950 ¹⁰⁸)
1056 865 1122 934 Eos

287 980 385 1064 igitur
405 989 658 1060 convocaverat,
689 984 742 1067 qui
771 991 869 1049 totam
901 1005 968 1050 rem
989 988 1122 1071 ignora-

288 1106 368 1174 rent,
391 1114 590 1182 quorumque
613 1117 793 1167 consensus
815 1100 984 1167 admodum
1007 1095 1123 1168 dubiud

288 1215 401 1280 essct?
444 1211 613 1282 Delatores
641 1227 672 1282 et
700 1217 823 1285 iudices
849 1220 933 1284 inter
959 1218 1041 1284 tales
1064 1236 1123 1284 au-

288 1329 408 1397 ditores
445 1349 511 1396 non
546 1331 689 1413 timebat,
727 1334 800 1401 dum
832 1335 955 1404 Sullam
985 1346 1123 1402 tremens

288 1449 540 1516 coniurationem
563 1448 645 1516 olam
666 1450 829 1538 mrabat?

372 1682 540 1764 Quiritium
561 1693 665 1752 auten
688 1683 859 1774 appellatio
883 1684 923 1748 ad
946 1683 1049 1750 solum
1065 1703 1124 1770 po-

287 1798 394 1886 pulum
430 1802 563 1881 eiusque
601 1819 756 1864 summum
790 1803 841 1863 ius
878 1798 1031 1876 refertur,
1050 1800 1122 1878 ¹⁰⁹)

286 1913 423 1997 ideoque
451 1913 485 1976 in
513 1910 593 1976 solis
620 1909 744 1974 actibus
772 1911 909 1995 publicis
937 1923 1120 1998 usurpatur,

286 2037 397 2118 utputa
417 2029 451 2093 in
472 2025 581 2115 populi
602 2025 773 2102 concione,
795 2025 829 2088 iu
849 2022 1050 2109 implorando
1074 2024 1120 2087 ci-

286 2149 371 2214 vium
393 2144 511 2212 auxilio
534 2143 617 2207 etin
637 2141 708 2205 iure
731 2159 840 2206 corano
854 2140 1044 2225 magistratu
1060 2157 1120 2227 po·

286 2265 352 2354 puli
383 2260 514 2330 romani.
528 2257 598 2338 ¹¹⁰)
630 2253 756 2343 Singuli
786 2260 883 2346 igitur
916 2259 1003 2325 cives
1039 2275 1122 2324 nun-

286 2401 381 2468 quam
409 2377 548 2457 Quirites
577 2383 751 2440 vocantur:
780 2395 846 2442 nou
874 2377 956 2442 enirn
983 2373 1122 2463 populus

286 2497 437 2567 suutiure
447 2491 757 2574 Quiritiumrogatus
767 2490 819 2557 vel
828 2490 1033 2577 inploratus3
1048 2491 1119 2565 ¹¹¹)

286 2613 362 2700 quin
389 2629 432 2676 ne
459 2608 589 2675 rnilitum
618 2604 746 2694 quiden
773 2609 887 2675 concio
908 2606 970 2674 lroc
992 2608 1120 2674 nomine

373 2944 443 3025 ¹⁰⁸)
467 2943 496 3026 ξ.
525 2947 554 3006 6.
586 2963 698 3020 neque
719 2948 781 3003 iarn
810 2947 873 3020 quid
894 2948 1056 3005 existumetis
1081 2979 1118 2988 —

284 3068 417 3110 uereor.
447 3043 476 3127 §.
491 3049 521 3108 8.
551 3047 624 3116 Quae
645 3046 674 3104 si
695 3046 770 3104 vobis
792 3026 842 3119 pun
863 3055 890 3104 et
911 3047 1059 3118 compositu
1080 3047 1117 3102 in·

284 3153 450 3227 telligontur,
471 3147 577 3204 annuite
599 3145 648 3202 rel.

373 3245 445 3322 ¹⁰¹)
468 3249 576 3305 Varro
607 3247 639 3304 de
670 3245 700 3304 L.
731 3245 761 3304 L.
793 3243 841 3312 Vl,
864 3243 914 3304 68.
946 3245 1117 3318 Gdttling.

285 3351 329 3408 cit.
353 3348 404 3408 60.

373 3442 445 3520 ¹¹⁰)
469 3445 640 3519 Gittling.
667 3444 686 3501 l.
710 3463 735 3502 c.
773 3444 843 3501 llaec
871 3444 948 3500 etiarn
970 3459 1048 3498 causa
1070 3449 1118 3506 est,

285 3568 334 3610 cnr
355 3547 515 3621 antiquiores
537 3545 638 3602 romani
666 3543 791 3616 singulari
813 3542 891 3598 huius
912 3541 985 3600 vocis
1007 3556 1117 3598 rrnmoru

283 3665 417 3725 nunquam
438 3646 479 3704 nsi
500 3645 562 3702 sint.
605 3643 668 3700 Vide
690 3642 740 3698 len.
763 3639 913 3698 ioroelnn.

374 3743 446 3821 ¹¹¹)
470 3747 619 3824 Gramen
655 3743 687 3800 de
723 3742 788 3802 iuris
828 3740 922 3810 Quint.
961 3745 987 3795 et
1024 3739 1119 3798 civitat.
