2770 4814
609 744 817 816 ..14-

297 949 360 995 neu
383 930 433 996 cui
455 930 518 995 nisi
539 929 665 1016 legibus
687 938 900 1021 pareremus?
944 936 973 1019 ᾗ.
990 936 1020 1000 3.
1044 934 1133 1016 Quae

297 1057 413 1114 cuncta
434 1059 571 1114 scaevus
585 1049 645 1116 isto
662 1048 816 1117 Romulus
834 1055 886 1134 28)
909 1055 1003 1139 quasi
1019 1051 1059 1117 ab
1076 1074 1132 1118 ex-

296 1165 397 1230 ternis
411 1176 505 1252 rapta
518 1175 612 1244 tenet,
636 1187 701 1233 non
715 1178 761 1234 tot
773 1171 969 1236 exercituum
979 1168 1070 1234 clade
1080 1170 1131 1248 22)

296 1302 400 1367 neque
438 1283 669 1366 consnlnm³⁰)
707 1295 739 1351 et
776 1285 912 1354 aliorum
945 1287 1132 1374 principum,

297 1418 378 1484 quos
400 1398 530 1466 fortuna
548 1395 627 1466 belli
650 1412 910 1489 consumpserat,
933 1404 1131 1481 satiatus³¹l

383 1671 434 1751 28)
465 1676 605 1733 Vaticanus
633 1675 665 1732 ll.
689 1685 716 1732 et
746 1679 830 1735 edits:
865 1684 1015 1746 „saevns.“
1058 1679 1132 1734 Haud

296 1777 378 1846 male;
407 1793 467 1830 narn
495 1778 600 1832 saevitia
622 1793 637 1833 a
659 1777 748 1834 fratris
770 1795 933 1851 percussore
955 1795 1008 1834 non
1031 1777 1130 1844 aberat,

295 1875 435 1948 solumque
463 1875 567 1930 Romuli
595 1893 708 1943 nomen,
744 1877 778 1932 oh
807 1879 881 1950 regni
910 1879 1015 1945 odium,
1050 1877 1132 1934 libera

295 1975 447 2050 republica,
469 1975 581 2032 invisum
603 1983 669 2032 erat.
691 1977 728 2034 lta
739 1977 801 2034 Piso
821 1979 891 2050 apud
904 1977 1132 2034 Plutarchum

296 2074 341 2153 (in
362 2076 458 2148 Pomp.
481 2071 547 2150 25.)
577 2076 705 2148 Pompeio
728 2077 857 2133 minatur:
882 2067 935 2136 ὅτι
959 2065 1132 2154 (Ρώμυλον

296 2167 399 2257 ζηλῶν
420 2163 461 2234 οὐ
483 2164 640 2258 φεύξεται
661 2164 780 2238 coccos
802 2168 914 2258 ἐκείνῳ
935 2167 1040 2249 τέλος.
1078 2178 1131 2234 Sed

294 2285 411 2350 praestat
432 2286 569 2345 nostrum,
592 2279 664 2351 qnod
685 2279 768 2335 Vatis.
791 2279 811 2334 1.
836 2278 950 2334 exhibet.
985 2279 1130 2334 Servius

296 2395 403 2452 quoque
425 2393 532 2446 vocem3
556 2393 708 2450 „perverse
729 2375 864 2435 Menalia“
887 2381 913 2434 in
927 2378 1019 2452 Virgil.
1042 2378 1130 2453 eclog.

296 2479 399 2545 lll,l3.
429 2477 578 2549 explicans,
608 2478 694 2534 atlrlitr
730 2479 799 2546 „Sic
828 2479 984 2536 Sallustius:
1021 2497 1130 2536 scaevus

294 2580 345 2634 iste
379 2577 540 2634 Romulus.“
582 2577 667 2650 igitur
701 2586 758 2635 est:
794 2596 849 2636 non
883 2579 958 2647 felix,
994 2596 1073 2653 quem
1102 2596 1131 2635 se

293 2680 444 2752 praedicat,
467 2679 514 2735 sed
536 2696 665 2736 scaelus:
694 2697 750 2736 non
772 2680 911 2748 conditor,
941 2680 987 2736 sed
1010 2695 1129 2737 eversor.
1225 2692 1234 2707 “

293 2780 366 2838 Sulla
388 2781 473 2847 eninr,
495 2779 591 2838 finibus
613 2780 717 2852 imperii
738 2798 793 2837 non
811 2780 939 2852 prolatis,
962 2781 1131 2853 pomoerium

293 2881 368 2938 urhis
398 2881 559 2954 protulerat.
596 2880 731 2936 Gellius
752 2881 849 2947 11‚14.
893 2882 1039 2937 l'acitus
1061 2885 1129 2940 Ann.

293 2981 409 3049 xlt,23.
429 3011 473 3020 -—
514 2981 611 3037 lisdem
639 2979 741 3035 ratione
769 2980 839 3052 apud
869 2980 1035 3036 Suetonium.
1070 2981 1128 3037 riu.

294 3079 344 3138 59.
370 3081 458 3149 „felix
476 3079 546 3148 sihi,
569 3096 623 3136 non
639 3078 702 3147 tihi,
724 3079 855 3150 Romule,
877 3081 980 3138 Sulla.“
1001 3111 1044 3120 -

380 3191 431 3271 22)
461 3197 602 3255 Victoriae.
615 3195 737 3254 Sullanae
766 3197 793 3253 in
815 3197 1017 3270 comparatione
1039 3195 1127 3254 Sullae

240 3365 243 3375 y
293 3313 354 3356 cunr
375 3298 510 3372 Lysandro
534 3305 721 3354 enumerantur
744 3313 803 3371 cap.
826 3299 856 3356 4.

379 3409 430 3488 ³⁰)
461 3413 605 3482 Carbonis,
638 3415 711 3472 ilarii
740 3413 802 3482 filii,
830 3412 946 3471 Norbani
975 3410 1125 3470 consulum.

293 3515 448 3573 Gerlach.

379 3626 431 3707 ³¹)
454 3631 633 3705 appianus
661 3630 689 3686 in
717 3627 790 3685 bello
819 3627 869 3683 civ.
892 3627 911 3694 l,
925 3627 995 3685 103.
1017 3625 1050 3682 ad
1072 3625 1125 3682 duo

292 3734 349 3790 lere
377 3732 457 3792 millia
483 3739 635 3788 senatorum
657 3738 682 3785 et
705 3729 822 3804 equitum
843 3745 858 3784 a
881 3727 953 3784 Sulla
974 3726 1126 3802 proscripta

291 3835 382 3890 reiert.

1379 4084 1383 4179 l
