2770 4814
551 769 763 840 „37-

240 964 305 1028 bio
333 962 367 1026 in
388 961 513 1048 privato
535 957 735 1024 asseclarum
757 967 860 1022 coetu.
901 953 1078 1021 Allocutio-

241 1100 312 1146 nem
336 1079 419 1144 onim
440 1075 608 1156 Quiritium
630 1085 693 1140 tarn
716 1071 780 1139 loto
803 1092 868 1138 non
891 1083 1021 1160 petere,
1045 1079 1080 1138 nt
1167 1142 1174 1148 ,

242 1197 283 1264 ad
305 1194 408 1262 solum
430 1193 583 1282 populum
603 1193 771 1280 pertineat,
793 1192 983 1277 pracsertim
1007 1207 1080 1254 curn

240 1314 421 1400 inscriptio:
451 1309 591 1390 „Oratio
615 1307 656 1376 ad
685 1307 837 1397 populum
859 1325 1025 1373 romanum
1045 1307 1078 1372 iu

190 1504 194 1511 ,
240 1417 380 1516 genuino
409 1425 493 1494 libro
524 1426 621 1505 desit,
653 1436 749 1512 atquc
777 1423 954 1513 Pomponio
975 1422 1078 1491 Laeto

241 1547 407 1613 debeatur.
415 1549 434 1576 “
449 1543 501 1624 91)

325 1772 516 1843 Burnoui
558 1774 725 1860 utriusque
768 1775 943 1842 sententias
979 1769 1080 1851 affert,

241 1893 376 1962 Brossio
391 1889 756 1980 potius‚quon1Douzao
770 1889 894 1957 favens.
913 1889 1078 1971 „Quirites

242 2021 348 2078 autem
376 2009 537 2076 contendit
565 2007 721 2097 appellari
750 2009 910 2096 potuisse,
945 2007 1079 2074 honoris

242 2147 358 2206 causa,
387 2129 481 2193 etiam
508 2127 542 2192 in
569 2128 725 2212 privatam
747 2123 873 2190 domum
896 2144 1079 2210 congrego-

241 2256 293 2310 tos
321 2244 475 2308 homines.
539 2239 620 2306 Nam
646 2240 820 2319 factiosos,
851 2239 1081 2327 quantumlibet

74 2336 78 2348 ²
177 2449 179 2454 Ι
243 2377 376 2447 pouces,
406 2377 442 2423 so
470 2365 570 2423 totum
605 2377 680 2425 esso
715 2357 867 2448 populum
893 2356 989 2424 facile
1020 2355 1081 2424 sibi

211 2484 214 2490 '
243 2474 541 2564 persuaderc.“⁹⁸)

331 2745 384 2822 91)
408 2750 480 2818 Quae
501 2721 531 2806 ui
551 2748 647 2804 meiius
668 2749 849 2822 intelligantur
870 2749 954 2822 ipsius
975 2749 1078 2806 Brossii

243 2847 324 2904 corba
345 2846 510 2919 subscripsi:
544 2846 593 2914 „ti
621 2853 663 2902 cst
690 2846 770 2920 plus
797 2864 860 2921 quo
888 2847 1076 2920 probable,

243 2963 295 3022 que
316 2944 415 3019 Lipide
435 2948 486 3004 tint
507 2963 539 3005 oe
560 2948 682 3004 discours
703 2949 767 3006 dans
784 2965 837 3006 une
856 2947 1004 3005 assembiie
1019 2965 1078 3021 pcr-

243 3047 365 3104 ticuiiere
394 3047 426 3104 do
455 3063 499 3104 ses
527 3048 658 3120 portisons
680 3058 707 3104 et
727 3065 782 3106 non
802 3079 845 3089 -
864 3065 899 3105 nu
920 3048 1018 3121 peubie
1039 3067 1079 3104 ns·

243 3146 361 3205 seruilio
376 3169 424 3186 ⁴-
446 3163 551 3204 commo
580 3147 620 3204 los
647 3149 774 3222 critiqucs
802 3148 873 3206 l'ont
899 3165 948 3204 cru
977 3148 1080 3206 rnuii

243 3263 400 3320 propos:
423 3255 488 3319 pout
508 3277 551 3285 -—
573 3248 631 3304 etro
651 3248 809 3320 trompes
833 3265 881 3322 por·
902 3248 1081 3328 l’cxpression

245 3347 378 3416 Quirites,
401 3345 551 3419 tuloqueris
573 3347 605 3403 ils
629 3355 675 3403 out
697 3346 785 3404 donne
806 3356 869 3421 trop
891 3349 1034 3406 d'itcndue
1056 3359 1082 3406 ct

243 3452 351 3504 surtout
378 3461 428 3518 par
449 3443 587 3502 l'intituli:
620 3447 709 3503 Oratio
732 3449 764 3505 od
785 3449 915 3521 populum
934 3467 1081 3506 romanum.

243 3547 307 3603 iinis
336 3561 368 3602 co
397 3546 460 3601 titre
482 3543 545 3601 soit
566 3563 615 3618 par
636 3547 801 3622 Pomponius
822 3550 918 3606 Laetus
940 3549 1011 3606 n'est
1032 3565 1079 3622 pus

244 3648 308 3703 dans
330 3647 355 3704 ic
376 3653 447 3702 texte
469 3646 590 3718 original.

332 3744 384 3819 98)
410 3746 486 3803 Caius
508 3747 618 3820 Crispus
633 3747 772 3806 Sallustius
788 3756 896 3807 curante
915 3747 1080 3804 Burnoui.

212 3905 221 3932 a
249 3846 339 3903 1821.
362 3863 422 3918 pag.
446 3845 518 3904 349.
