2770 4814
615 699 821 770 ..46-

300 881 417 950 tellitee
438 891 552 948 eontra
572 881 690 970 ubique
712 884 854 953 seeundo
875 886 948 956 leae
964 897 1134 976 ponuntur,

299 1002 376 1087 quin
403 997 514 1066 Sullae
544 1001 630 1066 servi
657 1012 816 1070 venantur
844 1013 876 1070 et
910 1002 952 1070 eh
987 1007 1136 1090 exiguum

299 1133 469 1184 nnmerum,
485 1114 663 1205 despicatui
684 1116 851 1188 ducuntur.
866 1121 939 1200 ¹²⁰)

381 1349 486 1436 Atque
514 1369 550 1416 re
573 1369 653 1418 vera
673 1349 767 1420 Sulla
793 1351 1132 1448 nondumabdicave-

297 1477 356 1532 rat.
399 1463 519 1534 Orater
553 1469 636 1534 enin
670 1468 806 1536 eandem
840 1472 909 1538 eius
944 1482 1133 1561 potestatem

297 1585 505 1672 conqueritur
524 1583 631 1672 legum
651 1584 842 1654 iudiciorum
863 1590 1064 1677 omniumque
1079 1609 1132 1656 re-

296 1722 382 1779 num,
412 1722 495 1788 quae
524 1722 545 1770 a
574 1704 691 1772 cetenis
713 1703 875 1776 veteribus
898 1705 1009 1775 Sullae
1032 1707 1131 1774 dieta-

295 1822 357 1912 ten'
380 1818 536 1884 tribuitur.
549 1822 621 1901 ¹2¹)
649 1819 708 1886 Sin
729 1839 808 1886 vern
829 1821 910 1886 haec
932 1825 1036 1890 oratio
1058 1835 1134 1910 pest

295 1933 527 2000 abdicationem
550 1942 702 2008 nonest,
725 1935 779 2015 qui
801 1939 959 2013 convenit,
975 1935 1130 2022 Lepidum

293 2051 354 2118 nae
384 2047 423 2116 de
449 2068 486 2116 re
515 2046 592 2114 nihil
614 2046 731 2128 dicere,
752 2047 955 2134 validumque
976 2050 1128 2138 perfidiae

293 2167 441 2238 sullanae
468 2175 689 2252 argumentum
712 2165 876 2244 emisisse,
900 2165 1022 2236 Sullam
1043 2187 1129 2236 vana

292 2285 503 2355 ahliaatienis
525 2283 632 2371 speeie
654 2282 806 2372 populum
826 2283 1006 2358 ludificant
1029 2287 1128 2354 ratio-

291 2425 351 2475 nes
373 2413 518 2471 aetorun
539 2400 673 2480 civiles,
696 2404 751 2487 qui
771 2402 909 2482 vellent,
930 2405 1128 2492 premnisse,

284 2509 321 2588 'et
341 2529 448 2588 umen
468 2517 595 2605 legibus
617 2516 757 2586 solutum
778 2522 934 2588 manere?
963 2519 1031 2588 Sed
1053 2519 1128 2606 quid

378 2871 451 2948 ¹²⁰)
475 2874 607 2932 Orationis
637 2867 666 2950 §.
681 2873 712 2930 2.
735 2871 867 2930 Satellitas
895 2875 964 2930 enim
993 2875 1059 2942 eius,
1081 2891 1124 2930 ne-

287 2991 356 3054 queo
378 2974 441 3032 satis
459 2973 577 3045 mirari,
605 2972 651 3044 qui
679 2971 865 3052 dominatien'n
894 2973 990 3029 iuves
1012 2974 1124 3030 servi·

287 3078 372 3134 tium
393 3090 490 3131 suunt
519 3070 669 3129 mercedem
699 3071 771 3126 dant.
805 3063 833 3146 ᾗ.
855 3071 886 3128 4.
913 3070 999 3144 plebis
1028 3072 1124 3144 patrias

285 3161 362 3234 sedes
392 3188 557 3246 occupavere
584 3170 686 3244 pauci
713 3167 848 3226 satellites.
872 3163 900 3246 ᾗ.
916 3167 946 3227 6.
968 3186 1028 3226 nam
1049 3187 1123 3243 prae·

286 3286 329 3334 ter
349 3247 476 3332 {atellites
499 3269 773 3330 commaculatos
795 3269 854 3345 quis
876 3271 967 3327 eadent
987 3267 1059 3350 volt.¹

376 3467 735 3546 ¹²¹)Plntarel1usin
759 3469 838 3550 Sulla
867 3469 919 3528 33.
942 3459 1135 3550 ἐψηφίσθη.

285 3568 316 3636 δ’
346 3559 453 3652 αὐτῷ·
466 3559 600 3645 ἐξουσία
628 3558 790 3640 θανᾶτου,
820 3556 1016 3646 δημεύσεως,
1046 3562 1123 3646 κλη-

285 3663 434 3756 ρουχίων,
457 3660 602 3741 κτίσεως,
617 3656 828 3748 πορθήσεως,
852 3655 1040 3747 ἀφελέςθαι
1060 3666 1122 3744 βα-

284 3764 411 3835 σιλείαν
432 3764 488 3832 καὶ
509 3753 537 3852 ᾧ
557 3757 713 3848 flatilem
733 3756 950 3844 χαρίσασθαι.
