<?xml version="1.0" encoding="UTF-8"?>
<!DOCTYPE html PUBLIC "-//W3C//DTD XHTML 1.0 Transitional//EN"
    "http://www.w3.org/TR/xhtml1/DTD/xhtml1-transitional.dtd">
<html xmlns="http://www.w3.org/1999/xhtml" xml:lang="en" lang="en">
 <head>
  <title>
</title>
<meta http-equiv="Content-Type" content="text/html;charset=utf-8" />
  <meta name='ocr-system' content='tesseract 3.04.00' />
  <meta name='ocr-capabilities' content='ocr_page ocr_carea ocr_par ocr_line ocrx_word'/>
</head>
<body>
  <div class='ocr_page' id='page_1' title='image "./demlepidiapudcs00fabrgoog_0039.png"; bbox 0 0 2770 4814; ppageno 0'>
   <div class='ocr_carea' id='block_1_1' title="bbox 325 855 1173 2248">
    <p class='ocr_par' dir='ltr' id='par_1_1' title="bbox 325 855 1173 2248">
     <span class='ocr_line' id='line_1_1' title="bbox 334 855 1168 960; baseline 0.001 -16"><span class='ocrx_word' id='word_1_1' title='bbox 334 879 361 944; x_wconf 81' lang='lat' dir='ltr'>si</span> <span class='ocrx_word' id='word_1_2' title='bbox 384 876 466 944; x_wconf 85' lang='lat' dir='ltr'>solvi</span> <span class='ocrx_word' id='word_1_3' title='bbox 487 897 562 943; x_wconf 86' lang='lat' dir='ltr'>esse</span> <span class='ocrx_word' id='word_1_4' title='bbox 584 855 711 957; x_wconf 67' lang='lat' dir='ltr'>vellent.</span> <span class='ocrx_word' id='word_1_5' title='bbox 735 890 887 948; x_wconf 82' lang='lat' dir='ltr'>tacerent.</span> <span class='ocrx_word' id='word_1_6' title='bbox 905 883 959 960; x_wconf 76' lang='lat'>⁸³)</span> <span class='ocrx_word' id='word_1_7' title='bbox 1002 879 1060 946; x_wconf 84' lang='lat' dir='ltr'>llio</span> <span class='ocrx_word' id='word_1_8' title='bbox 1087 879 1168 947; x_wconf 82' lang='lat' dir='ltr'>idem</span> 
     </span>
     <span class='ocr_line' id='line_1_2' title="bbox 332 995 1171 1086; baseline 0.005 -26"><span class='ocrx_word' id='word_1_9' title='bbox 332 995 523 1082; x_wconf 90' lang='lat' dir='ltr'>Pompeium,</span> <span class='ocrx_word' id='word_1_10' title='bbox 548 995 696 1083; x_wconf 90' lang='lat' dir='ltr'>populari</span> <span class='ocrx_word' id='word_1_11' title='bbox 712 998 818 1082; x_wconf 84' lang='lat' dir='ltr'>gratia</span> <span class='ocrx_word' id='word_1_12' title='bbox 832 999 925 1062; x_wconf 85' lang='lat' dir='ltr'>nimis</span> <span class='ocrx_word' id='word_1_13' title='bbox 942 998 1070 1076; x_wconf 82' lang='lat' dir='ltr'>elatum,</span> <span class='ocrx_word' id='word_1_14' title='bbox 1086 997 1171 1086; x_wconf 84' lang='lat' dir='ltr'>quod</span> 
     </span>
     <span class='ocr_line' id='line_1_3' title="bbox 325 1113 1170 1201; baseline 0.001 -22"><span class='ocrx_word' id='word_1_15' title='bbox 325 1114 442 1199; x_wconf 89' lang='lat' dir='ltr'>potuit,</span> <span class='ocrx_word' id='word_1_16' title='bbox 465 1115 606 1180; x_wconf 83' lang='lat' dir='ltr'>moriers</span> <span class='ocrx_word' id='word_1_17' title='bbox 628 1113 714 1181; x_wconf 90' lang='lat' dir='ltr'>ultus</span> <span class='ocrx_word' id='word_1_18' title='bbox 737 1125 800 1192; x_wconf 83' lang='lat' dir='ltr'>est,</span> <span class='ocrx_word' id='word_1_19' title='bbox 824 1134 959 1201; x_wconf 84' lang='lat' dir='ltr'>cumque</span> <span class='ocrx_word' id='word_1_20' title='bbox 982 1124 1170 1182; x_wconf 83' lang='lat' dir='ltr'>testamento</span> 
     </span>
     <span class='ocr_line' id='line_1_4' title="bbox 333 1230 1169 1319; baseline 0.006 -26"><span class='ocrx_word' id='word_1_21' title='bbox 333 1247 437 1314; x_wconf 87' lang='lat' dir='ltr'>neque</span> <span class='ocrx_word' id='word_1_22' title='bbox 465 1230 614 1299; x_wconf 89' lang='lat' dir='ltr'>heredem</span> <span class='ocrx_word' id='word_1_23' title='bbox 643 1251 747 1319; x_wconf 87' lang='lat' dir='ltr'>neque</span> <span class='ocrx_word' id='word_1_24' title='bbox 775 1231 886 1298; x_wconf 85' lang='lat' dir='ltr'>liheris</span> <span class='ocrx_word' id='word_1_25' title='bbox 921 1241 1056 1298; x_wconf 90' lang='lat' dir='ltr'>tutorem</span> <span class='ocrx_word' id='word_1_26' title='bbox 1088 1235 1169 1298; x_wconf 87' lang='lat' dir='ltr'>sori-</span> 
     </span>
     <span class='ocr_line' id='line_1_5' title="bbox 332 1347 1170 1434; baseline 0.006 -24"><span class='ocrx_word' id='word_1_27' title='bbox 332 1348 466 1433; x_wconf 86' lang='lat' dir='ltr'>psit.⁸⁴)</span> <span class='ocrx_word' id='word_1_28' title='bbox 490 1347 581 1414; x_wconf 83' lang='lat' dir='ltr'>Hunc</span> <span class='ocrx_word' id='word_1_29' title='bbox 601 1351 709 1434; x_wconf 87' lang='lat' dir='ltr'>itaque</span> <span class='ocrx_word' id='word_1_30' title='bbox 731 1352 848 1428; x_wconf 86' lang='lat' dir='ltr'>uirum,</span> <span class='ocrx_word' id='word_1_31' title='bbox 870 1349 1092 1416; x_wconf 86' lang='lat' dir='ltr'>iniracundia</span> <span class='ocrx_word' id='word_1_32' title='bbox 1113 1369 1170 1415; x_wconf 89' lang='lat' dir='ltr'>ve-</span> 
     </span>
     <span class='ocr_line' id='line_1_6' title="bbox 334 1461 1171 1555; baseline 0.005 -27"><span class='ocrx_word' id='word_1_33' title='bbox 334 1461 573 1545; x_wconf 81' lang='lat' dir='ltr'>hementem⁸⁵)</span> <span class='ocrx_word' id='word_1_34' title='bbox 602 1485 784 1552; x_wconf 81' lang='lat' dir='ltr'>magnoque</span> <span class='ocrx_word' id='word_1_35' title='bbox 809 1469 952 1555; x_wconf 89' lang='lat' dir='ltr'>potentia</span> <span class='ocrx_word' id='word_1_36' title='bbox 972 1469 1171 1541; x_wconf 85' lang='lat' dir='ltr'>instructum,</span> 
     </span>
     <span class='ocr_line' id='line_1_7' title="bbox 334 1580 1172 1674; baseline 0.004 -27"><span class='ocrx_word' id='word_1_37' title='bbox 334 1580 457 1671; x_wconf 87' lang='lat' dir='ltr'>Lepido</span> <span class='ocrx_word' id='word_1_38' title='bbox 488 1593 598 1672; x_wconf 84' lang='lat' dir='ltr'>caput.</span> <span class='ocrx_word' id='word_1_39' title='bbox 618 1585 737 1672; x_wconf 87' lang='lat' dir='ltr'>petenti</span> <span class='ocrx_word' id='word_1_40' title='bbox 777 1584 970 1674; x_wconf 78' lang='lat' dir='ltr'><strong>legibusque</strong></span> <span class='ocrx_word' id='word_1_41' title='bbox 1013 1584 1172 1652; x_wconf 78' lang='lat' dir='ltr'>Corneliis</span> 
     </span>
     <span class='ocr_line' id='line_1_8' title="bbox 336 1680 1171 1791; baseline -0.001 -24"><span class='ocrx_word' id='word_1_42' title='bbox 336 1680 464 1768; x_wconf 81' lang='lat' dir='ltr'>exitium</span> <span class='ocrx_word' id='word_1_43' title='bbox 486 1702 641 1768; x_wconf 76' lang='lat' dir='ltr'>minitanti</span> <span class='ocrx_word' id='word_1_44' title='bbox 662 1705 848 1790; x_wconf 78' lang='lat' dir='ltr'>pepercisse</span> <span class='ocrx_word' id='word_1_45' title='bbox 870 1705 988 1791; x_wconf 79' lang='lat' dir='ltr'>putes?</span> <span class='ocrx_word' id='word_1_46' title='bbox 1021 1721 1171 1790; x_wconf 85' lang='lat' dir='ltr'>praescr-</span> 
     </span>
     <span class='ocr_line' id='line_1_9' title="bbox 336 1815 1173 1902; baseline -0.004 -21"><span class='ocrx_word' id='word_1_47' title='bbox 336 1820 388 1882; x_wconf 89' lang='lat' dir='ltr'>tim</span> <span class='ocrx_word' id='word_1_48' title='bbox 411 1837 482 1882; x_wconf 91' lang='lat' dir='ltr'>cum</span> <span class='ocrx_word' id='word_1_49' title='bbox 504 1819 683 1900; x_wconf 83' lang='lat' dir='ltr'>quindecim</span> <span class='ocrx_word' id='word_1_50' title='bbox 703 1821 772 1883; x_wconf 83' lang='lat' dir='ltr'>lere</span> <span class='ocrx_word' id='word_1_51' title='bbox 794 1822 887 1884; x_wconf 88' lang='lat' dir='ltr'>aunis</span> <span class='ocrx_word' id='word_1_52' title='bbox 909 1825 983 1902; x_wconf 91' lang='lat' dir='ltr'>post</span> <span class='ocrx_word' id='word_1_53' title='bbox 998 1815 1032 1879; x_wconf 81' lang='lat' dir='ltr'>C.</span> <span class='ocrx_word' id='word_1_54' title='bbox 1049 1817 1173 1881; x_wconf 82' lang='lat' dir='ltr'>(laesor</span> 
     </span>
     <span class='ocr_line' id='line_1_10' title="bbox 335 1925 1170 2014; baseline -0.004 -19"><span class='ocrx_word' id='word_1_55' title='bbox 335 1931 404 1996; x_wconf 83' lang='lat' dir='ltr'>aiuc</span> <span class='ocrx_word' id='word_1_56' title='bbox 427 1928 635 2006; x_wconf 81' lang='lat' dir='ltr'>satellitibus,</span> <span class='ocrx_word' id='word_1_57' title='bbox 663 1929 810 1994; x_wconf 85' lang='lat' dir='ltr'>aduersis</span> <span class='ocrx_word' id='word_1_58' title='bbox 834 1928 1047 2014; x_wconf 83' lang='lat' dir='ltr'>optimatibus,</span> <span class='ocrx_word' id='word_1_59' title='bbox 1070 1925 1170 2013; x_wconf 83' lang='lat' dir='ltr'>quae-</span> 
     </span>
     <span class='ocr_line' id='line_1_11' title="bbox 335 2043 1167 2132; baseline -0.008 -21"><span class='ocrx_word' id='word_1_60' title='bbox 335 2057 453 2112; x_wconf 88' lang='lat' dir='ltr'>storem</span> <span class='ocrx_word' id='word_1_61' title='bbox 475 2045 609 2113; x_wconf 89' lang='lat' dir='ltr'>Novium</span> <span class='ocrx_word' id='word_1_62' title='bbox 642 2043 683 2132; x_wconf 89' lang='lat' dir='ltr'>oh</span> <span class='ocrx_word' id='word_1_63' title='bbox 713 2043 816 2109; x_wconf 89' lang='lat' dir='ltr'>solum</span> <span class='ocrx_word' id='word_1_64' title='bbox 845 2043 1038 2107; x_wconf 86' lang='lat' dir='ltr'>imminutum</span> <span class='ocrx_word' id='word_1_65' title='bbox 1067 2043 1167 2125; x_wconf 80' lang='lat' dir='ltr'>mogi-</span> 
     </span>
     <span class='ocr_line' id='line_1_12' title="bbox 336 2157 956 2248; baseline -0.011 -20"><span class='ocrx_word' id='word_1_66' title='bbox 336 2172 470 2248; x_wconf 86' lang='lat' dir='ltr'>stretum</span> <span class='ocrx_word' id='word_1_67' title='bbox 488 2165 522 2230; x_wconf 86' lang='lat' dir='ltr'>iu</span> <span class='ocrx_word' id='word_1_68' title='bbox 545 2181 707 2229; x_wconf 79' lang='lat' dir='ltr'>carcerem</span> <span class='ocrx_word' id='word_1_69' title='bbox 730 2157 889 2224; x_wconf 78' lang='lat' dir='ltr'>coniecit?</span> <span class='ocrx_word' id='word_1_70' title='bbox 904 2157 956 2239; x_wconf 80' lang='lat'>⁸⁶)</span> 
     </span>
    </p>
   </div>
   <div class='ocr_carea' id='block_1_2' title="bbox 334 2390 1171 2598">
    <p class='ocr_par' dir='ltr' id='par_1_2' title="bbox 334 2390 1171 2598">
     <span class='ocr_line' id='line_1_13' title="bbox 420 2390 1171 2500; baseline -0.004 -41"><span class='ocrx_word' id='word_1_71' title='bbox 420 2396 531 2500; x_wconf 47' lang='lat' dir='ltr'>{litera</span> <span class='ocrx_word' id='word_1_72' title='bbox 552 2393 704 2460; x_wconf 72' lang='lat' dir='ltr'>dubitatio</span> <span class='ocrx_word' id='word_1_73' title='bbox 729 2392 768 2460; x_wconf 89' lang='lat' dir='ltr'>de</span> <span class='ocrx_word' id='word_1_74' title='bbox 791 2403 933 2481; x_wconf 89' lang='lat' dir='ltr'>tempore</span> <span class='ocrx_word' id='word_1_75' title='bbox 956 2403 1014 2460; x_wconf 84' lang='lat' dir='ltr'>est.</span> <span class='ocrx_word' id='word_1_76' title='bbox 1040 2390 1120 2458; x_wconf 90' lang='lat' dir='ltr'>Nam</span> <span class='ocrx_word' id='word_1_77' title='bbox 1143 2393 1171 2456; x_wconf 86' lang='lat' dir='ltr'>si</span> 
     </span>
     <span class='ocr_line' id='line_1_14' title="bbox 334 2507 1170 2598; baseline -0.006 -22"><span class='ocrx_word' id='word_1_78' title='bbox 334 2511 370 2576; x_wconf 93' lang='lat' dir='ltr'>L.</span> <span class='ocrx_word' id='word_1_79' title='bbox 387 2511 489 2590; x_wconf 86' lang='lat' dir='ltr'>Sulla,</span> <span class='ocrx_word' id='word_1_80' title='bbox 512 2509 597 2598; x_wconf 90' lang='lat' dir='ltr'>quod</span> <span class='ocrx_word' id='word_1_81' title='bbox 618 2519 744 2576; x_wconf 85' lang='lat' dir='ltr'>veteres</span> <span class='ocrx_word' id='word_1_82' title='bbox 766 2507 973 2588; x_wconf 75' lang='lat' dir='ltr'>narraut‚⁸⁷)</span> <span class='ocrx_word' id='word_1_83' title='bbox 990 2527 1075 2574; x_wconf 83' lang='lat' dir='ltr'>cumo</span> <span class='ocrx_word' id='word_1_84' title='bbox 1096 2517 1170 2572; x_wconf 86' lang='lat' dir='ltr'>aute</span> 
     </span>
    </p>
   </div>
   <div class='ocr_carea' id='block_1_3' title="bbox 754 2723 785 2730">
    <p class='ocr_par' dir='ltr' id='par_1_3' title="bbox 754 2723 785 2730">
     <span class='ocr_line' id='line_1_15' title="bbox 754 2723 785 2730; baseline -0.032 0"><span class='ocrx_word' id='word_1_85' title='bbox 754 2723 785 2730; x_wconf 67' lang='grc'>..-</span> 
     </span>
    </p>
   </div>
   <div class='ocr_carea' id='block_1_4' title="bbox 335 2844 1192 3423">
    <p class='ocr_par' dir='ltr' id='par_1_4' title="bbox 335 2844 1192 3423">
     <span class='ocr_line' id='line_1_16' title="bbox 423 2844 1168 2922; baseline -0.008 -16"><span class='ocrx_word' id='word_1_86' title='bbox 423 2844 473 2922; x_wconf 78' lang='lat'>8³)</span> <span class='ocrx_word' id='word_1_87' title='bbox 496 2850 669 2907; x_wconf 84' lang='lat' dir='ltr'>Plutarch.</span> <span class='ocrx_word' id='word_1_88' title='bbox 691 2850 728 2906; x_wconf 87' lang='lat' dir='ltr'>lh.</span> <span class='ocrx_word' id='word_1_89' title='bbox 751 2850 802 2908; x_wconf 80' lang='lat'>33.</span> <span class='ocrx_word' id='word_1_90' title='bbox 830 2846 1019 2920; x_wconf 80' lang='lat' dir='ltr'>Appiamib.</span> <span class='ocrx_word' id='word_1_91' title='bbox 1043 2846 1093 2904; x_wconf 89' lang='lat'>88.</span> <span class='ocrx_word' id='word_1_92' title='bbox 1116 2844 1168 2904; x_wconf 76' lang='lat'>94.</span> 
     </span>
     <span class='ocr_line' id='line_1_17' title="bbox 423 2937 1169 3023; baseline -0.011 -16"><span class='ocrx_word' id='word_1_93' title='bbox 423 2946 476 3023; x_wconf 83' lang='lat'>⁸⁴)</span> <span class='ocrx_word' id='word_1_94' title='bbox 500 2950 676 3006; x_wconf 83' lang='lat' dir='ltr'>Plutarch.</span> <span class='ocrx_word' id='word_1_95' title='bbox 704 2951 730 3005; x_wconf 90' lang='lat' dir='ltr'>iu</span> <span class='ocrx_word' id='word_1_96' title='bbox 757 2947 887 3020; x_wconf 86' lang='lat' dir='ltr'>Pompeio</span> <span class='ocrx_word' id='word_1_97' title='bbox 918 2963 978 3018; x_wconf 82' lang='lat' dir='ltr'>cap.</span> <span class='ocrx_word' id='word_1_98' title='bbox 1010 2946 1060 3004; x_wconf 82' lang='lat'>15.</span> <span class='ocrx_word' id='word_1_99' title='bbox 1089 2937 1116 3002; x_wconf 79' lang='lat' dir='ltr'>et&#39;</span> <span class='ocrx_word' id='word_1_100' title='bbox 1143 2946 1169 3000; x_wconf 89' lang='lat' dir='ltr'>irr</span> 
     </span>
     <span class='ocr_line' id='line_1_18' title="bbox 336 3049 1110 3110; baseline 0.004 -4"><span class='ocrx_word' id='word_1_101' title='bbox 336 3049 447 3108; x_wconf 84' lang='lat' dir='ltr'>Lucullo</span> <span class='ocrx_word' id='word_1_102' title='bbox 470 3053 500 3110; x_wconf 82' lang='grc'>4.</span> <span class='ocrx_word' id='word_1_103' title='bbox 1102 3092 1110 3109; x_wconf 82' lang='lat'>.</span> 
     </span>
     <span class='ocr_line' id='line_1_19' title="bbox 424 3133 1168 3224; baseline -0.012 -18"><span class='ocrx_word' id='word_1_104' title='bbox 424 3145 474 3224; x_wconf 78' lang='lat'>⁸⁵)</span> <span class='ocrx_word' id='word_1_105' title='bbox 498 3150 623 3206; x_wconf 83' lang='lat' dir='ltr'>Cicero</span> <span class='ocrx_word' id='word_1_106' title='bbox 645 3147 713 3204; x_wconf 87' lang='lat' dir='ltr'>Phil.</span> <span class='ocrx_word' id='word_1_107' title='bbox 736 3146 805 3213; x_wconf 92' lang='lat' dir='ltr'>ll‚l.</span> <span class='ocrx_word' id='word_1_108' title='bbox 828 3146 858 3203; x_wconf 87' lang='lat' dir='ltr'>C.</span> <span class='ocrx_word' id='word_1_109' title='bbox 880 3144 978 3202; x_wconf 80' lang='lat' dir='ltr'>ilarius</span> <span class='ocrx_word' id='word_1_110' title='bbox 1000 3143 1027 3199; x_wconf 90' lang='lat' dir='ltr'>iu</span> <span class='ocrx_word' id='word_1_111' title='bbox 1048 3143 1087 3198; x_wconf 86' lang='lat' dir='ltr'>ira</span> <span class='ocrx_word' id='word_1_112' title='bbox 1108 3133 1168 3214; x_wconf 87' lang='lat' dir='ltr'>pcr-</span> 
     </span>
     <span class='ocr_line' id='line_1_20' title="bbox 335 3248 1192 3330; baseline -0.008 -24"><span class='ocrx_word' id='word_1_113' title='bbox 335 3265 468 3316; x_wconf 85' lang='lat' dir='ltr'>seucraus,</span> <span class='ocrx_word' id='word_1_114' title='bbox 490 3250 521 3306; x_wconf 88' lang='lat' dir='ltr'>L.</span> <span class='ocrx_word' id='word_1_115' title='bbox 544 3248 617 3306; x_wconf 84' lang='lat' dir='ltr'>Sulla</span> <span class='ocrx_word' id='word_1_116' title='bbox 637 3249 789 3306; x_wconf 80' lang='lat' dir='ltr'>vehemens.</span> <span class='ocrx_word' id='word_1_117' title='bbox 1171 3257 1192 3330; x_wconf 33' lang='lat'>¹·</span> 
     </span>
     <span class='ocr_line' id='line_1_21' title="bbox 424 3343 1170 3423; baseline -0.013 -17"><span class='ocrx_word' id='word_1_118' title='bbox 424 3344 474 3423; x_wconf 74' lang='lat'>⁸⁶)</span> <span class='ocrx_word' id='word_1_119' title='bbox 498 3351 642 3408; x_wconf 91' lang='lat' dir='ltr'>Suetou.</span> <span class='ocrx_word' id='word_1_120' title='bbox 671 3349 747 3407; x_wconf 85' lang='lat' dir='ltr'>Caes.</span> <span class='ocrx_word' id='word_1_121' title='bbox 778 3345 826 3404; x_wconf 88' lang='grc'>17.</span> <span class='ocrx_word' id='word_1_122' title='bbox 850 3343 964 3400; x_wconf 88' lang='lat' dir='ltr'>coniecit</span> <span class='ocrx_word' id='word_1_123' title='bbox 980 3343 1012 3398; x_wconf 88' lang='lat' dir='ltr'>in</span> <span class='ocrx_word' id='word_1_124' title='bbox 1034 3357 1170 3398; x_wconf 84' lang='lat' dir='ltr'>carcerem</span> 
     </span>
    </p>
   </div>
   <div class='ocr_carea' id='block_1_5' title="bbox 334 3443 1277 3522">
    <p class='ocr_par' dir='ltr' id='par_1_5' title="bbox 334 3443 1277 3522">
     <span class='ocr_line' id='line_1_22' title="bbox 334 3443 1277 3522; baseline -0.005 -17"><span class='ocrx_word' id='word_1_125' title='bbox 334 3449 444 3506; x_wconf 86' lang='lat' dir='ltr'>Novium</span> <span class='ocrx_word' id='word_1_126' title='bbox 466 3457 648 3522; x_wconf 82' lang='lat' dir='ltr'>quaestorem,</span> <span class='ocrx_word' id='word_1_127' title='bbox 678 3449 751 3522; x_wconf 88' lang='lat' dir='ltr'>quod</span> <span class='ocrx_word' id='word_1_128' title='bbox 778 3443 933 3517; x_wconf 83' lang='lat' dir='ltr'>compellari</span> <span class='ocrx_word' id='word_1_129' title='bbox 960 3443 1030 3514; x_wconf 86' lang='lat' dir='ltr'>apud</span> <span class='ocrx_word' id='word_1_130' title='bbox 1059 3457 1089 3498; x_wconf 86' lang='lat' dir='ltr'>se</span> <span class='ocrx_word' id='word_1_131' title='bbox 1116 3457 1169 3496; x_wconf 85' lang='lat' dir='ltr'>ma·</span> <span class='ocrx_word' id='word_1_132' title='bbox 1273 3491 1277 3500; x_wconf 88' lang='lat'>.</span> 
     </span>
    </p>
   </div>
   <div class='ocr_carea' id='block_1_6' title="bbox 333 3537 1169 3620">
    <p class='ocr_par' dir='ltr' id='par_1_6' title="bbox 333 3537 1169 3620">
     <span class='ocr_line' id='line_1_23' title="bbox 333 3537 1169 3620; baseline -0.012 -16"><span class='ocrx_word' id='word_1_133' title='bbox 333 3550 419 3610; x_wconf 83' lang='lat' dir='ltr'>iorem</span> <span class='ocrx_word' id='word_1_134' title='bbox 439 3557 597 3620; x_wconf 83' lang='lat' dir='ltr'>potestatem</span> <span class='ocrx_word' id='word_1_135' title='bbox 621 3546 730 3620; x_wconf 87' lang='lat' dir='ltr'>(ipsum</span> <span class='ocrx_word' id='word_1_136' title='bbox 760 3547 900 3602; x_wconf 82' lang='lat' dir='ltr'>Caesarem</span> <span class='ocrx_word' id='word_1_137' title='bbox 927 3537 1087 3610; x_wconf 83' lang='lat' dir='ltr'>consulem)</span> <span class='ocrx_word' id='word_1_138' title='bbox 1112 3555 1169 3612; x_wconf 90' lang='lat' dir='ltr'>pas·</span> 
     </span>
    </p>
   </div>
   <div class='ocr_carea' id='block_1_7' title="bbox 335 3657 1027 3822">
    <p class='ocr_par' dir='ltr' id='par_1_7' title="bbox 335 3657 1027 3822">
     <span class='ocr_line' id='line_1_24' title="bbox 335 3657 635 3708; baseline 0.013 -4"><span class='ocrx_word' id='word_1_139' title='bbox 335 3667 381 3705; x_wconf 90' lang='lat' dir='ltr'>sus</span> <span class='ocrx_word' id='word_1_140' title='bbox 404 3657 484 3704; x_wconf 82' lang='lat' dir='ltr'>osset.</span> <span class='ocrx_word' id='word_1_141' title='bbox 631 3697 635 3708; x_wconf 92' lang='lat'>.</span> 
     </span>
     <span class='ocr_line' id='line_1_25' title="bbox 424 3739 1027 3822; baseline -0.013 -20"><span class='ocrx_word' id='word_1_142' title='bbox 424 3743 476 3822; x_wconf 78' lang='lat'>⁸¹)</span> <span class='ocrx_word' id='word_1_143' title='bbox 500 3748 684 3822; x_wconf 82' lang='lat' dir='ltr'>Appiuuus</span> <span class='ocrx_word' id='word_1_144' title='bbox 706 3742 832 3820; x_wconf 78' lang='lat' dir='ltr'>‹lehollo</span> <span class='ocrx_word' id='word_1_145' title='bbox 855 3742 905 3798; x_wconf 84' lang='lat' dir='ltr'>riu.</span> <span class='ocrx_word' id='word_1_146' title='bbox 927 3741 947 3806; x_wconf 88' lang='lat' dir='ltr'>l,</span> <span class='ocrx_word' id='word_1_147' title='bbox 957 3739 1027 3798; x_wconf 82' lang='lat'>105.</span> 
     </span>
    </p>
   </div>
   <div class='ocr_carea' id='block_1_8' title="bbox 0 0 1390 4814">
    <p class='ocr_par' dir='ltr' id='par_1_8' title="bbox 0 0 1390 4814">
     <span class='ocr_line' id='line_1_26' title="bbox 0 0 1390 4814; baseline 0 0"><span class='ocrx_word' id='word_1_148' title='bbox 0 0 1390 4814; x_wconf 95' lang='lat' dir='ltr'> </span> 
     </span>
    </p>
   </div>
  </div>
 </body>
</html>
