2770 4814
317 897 461 974 luerit,
497 913 538 962 ex
571 913 659 961 more
696 915 839 965 romano.
884 899 955 980 Quo
990 902 1092 988 magis
1121 905 1155 968 in

317 1035 389 1084 eam
417 1014 604 1080 sententiam
632 1013 765 1080 inclinat
787 1017 920 1095 animun,
953 1029 987 1085 ut
1015 1019 1153 1098 credam,

316 1133 463 1222 deposita
484 1129 609 1216 quidem
632 1149 652 1196 a
674 1127 767 1198 Sulla
789 1131 955 1211 dictatura,
976 1133 1057 1201 haee
1078 1155 1153 1203 ver-

316 1251 360 1317 ba
380 1249 424 1315 M.
438 1247 605 1314 Aemilium
628 1248 792 1316 consulem
808 1249 849 1315 ad
862 1249 1002 1330 Quirites
1017 1252 1153 1318 iecisse:

318 1367 378 1436 sed
401 1367 548 1455 deposita
569 1364 664 1432 mede
688 1367 778 1434 titulo
801 1376 904 1447 tenue,
918 1367 1081 1457 ,Sullaque
1104 1369 1152 1435 di-

317 1496 460 1553 ctaturae
482 1486 660 1572 ‘potentiam
688 1503 747 1570 per
773 1485 909 1552 idonens
931 1487 1075 1554 hemines
1099 1508 1151 1554 re-

315 1603 527 1685 tinente.⁹⁵‘'¹)
569 1600 607 1668 ln
634 1601 695 1668 hes
723 1603 821 1688 igitur
849 1606 966 1692 petius,
996 1608 1152 1694 quanin

315 1723 439 1791 Sullam
468 1739 647 1806 magnam
681 1720 793 1787 harum
819 1725 1033 1789 invectionum
1055 1744 1151 1811 par-

315 1853 389 1907 tem
422 1842 816 1922 convenirespersuasum
846 1838 919 1902 mihi
951 1849 1015 1904 est:
1058 1843 1152 1924 eique

314 1955 491 2022 sententiae
520 1969 587 2014 nnn
615 1951 772 2012 minimam
802 1949 948 2014 fiduciam
972 1953 1080 2017 tribuit
1101 1963 1151 2017 ter
1207 2018 1209 2025 s

311 2075 428 2138 iterata
457 2071 491 2135 in
512 2066 572 2132 hae
593 2065 666 2150 ipsa
687 2063 832 2127 oratioue
855 2063 1025 2128 satellitum
1047 2065 1147 2129 sulla-

312 2208 427 2256 nnrum
448 2184 575 2259 mentio,
591 2197 673 2266 ques
694 2178 758 2258 ille,
780 2176 854 2245 tlum
877 2177 1013 2247 dictator
1032 2180 1147 2260 suerat,

311 2345 355 2357 —-
379 2306 497 2373 ditatos
517 2336 561 2346 -
582 2299 624 2365 ad
655 2319 795 2366 summos
817 2298 958 2365 honores
981 2299 1147 2368 extulerat.

299 2422 351 2506 lli
377 2441 435 2508 pre
466 2416 577 2486 Sullae
593 2419 686 2482 raetis
712 2453 755 2462 --
782 2416 868 2485 hand
890 2420 1032 2502 sequius,
1055 2437 1149 2504 quam

311 2557 370 2628 pro
393 2538 459 2602 aris
482 2547 514 2602 et
534 2534 616 2602 lucis
637 2530 849 2598 nitebantur.“

270 2855 271 2860 ,
396 2772 551 2841 Bressius
568 2769 620 2851 9ὃ)
666 2765 761 2834 aliam
803 2765 992 2832 sententiam
1025 2774 1148 2831 tuetur:

312 2891 467 2980 Lepidum
494 2889 577 2956 hane
608 2887 786 2952 orationem
815 2903 882 2949 nen
913 2885 946 2949 in
979 2880 1154 2949 consulatu.

310 3007 480 3086 habuisse,
510 3015 583 3071 ante
607 3023 700 3090 quem
722 2999 815 3066 Sulla
835 3009 979 3066 mortuus
1003 3003 1058 3076 sit;
1090 2997 1148 3064 sed

312 3124 478 3192 consulem
507 3122 708 3207 designatum
736 3129 830 3204 atque
854 3119 942 3183 siue
971 3114 1053 3183 ullo
1077 3113 1147 3180 du-

400 3491 471 3573 ⁹⁵·)
494 3493 608 3550 Eandem
640 3492 696 3548 lere
724 3489 879 3547 seutentiam
906 3495 996 3544 tuetur
1023 3484 1099 3541 l'abri
1122 3485 1147 3539 in

311 3598 374 3654 edit.
397 3595 523 3653 Sallustii.
549 3594 641 3652 1831.

399 3692 452 3771 96)
475 3695 592 3752 Histoire
622 3691 655 3748 de
676 3691 702 3746 la
723 3687 883 3760 republique
905 3685 1031 3741 remaine.
1071 3684 1146 3756 llijen

313 3796 404 3858 1777.
426 3798 527 3865 1341.
551 3791 621 3866 (par
643 3793 680 3848 de
701 3781 882 3860 Brosses.)
