2770 4814
335 905 439 972 adhue
466 906 531 972 loci
553 927 670 974 sensns
691 911 872 996 integritate
895 921 1040 986 careant,
1074 919 1168 997 atque

217 1111 218 1116 ἵ
332 1023 515 1110 interpretis
538 1043 647 1090 coram
671 1023 862 1093 desiderent.

414 1137 449 1202 ln
470 1139 519 1205 his
541 1142 648 1228 itaque
669 1141 856 1228 fragmentis
875 1143 977 1230 primo
995 1142 1068 1207 loco
1083 1141 1165 1227 legi-

330 1264 382 1320 tur
404 1257 508 1322 oratio
518 1255 632 1345 Lepidi
655 1259 797 1326 consulis
821 1259 862 1324 ad
884 1258 1035 1347 populum
1058 1277 1164 1326 roma-

313 1391 419 1450 num,
450 1391 532 1458 qnae
560 1385 628 1440 tota
649 1378 681 1441 in
703 1375 740 1442 L.
764 1375 856 1442 Sulla
879 1377 1033 1441 dictatore
1056 1377 1166 1439 convi-

331 1489 388 1553 ciis
410 1487 587 1558 lacerando
609 1502 773 1572 versatur,
796 1504 892 1579 atque
910 1491 1046 1578 plurima
1060 1489 1164 1568 habet,

329 1623 413 1690 qnae
437 1605 574 1672 dubitari
595 1609 729 1694 possint.
938 1598 947 1620 '

413 1721 449 1788 ΙΙ.
494 1721 560 1788 Sed
594 1733 764 1809 antequam
800 1723 839 1788 ad
871 1740 942 1787 eam
974 1724 1087 1799 venio,
1124 1743 1163 1788 ne

328 1848 443 1925 postea
480 1841 514 1903 in
551 1838 686 1924 singulis
715 1839 813 1906 rebus
849 1836 1047 1926 explicandis
1084 1837 1161 1904 hae-

327 1973 430 2033 ream,
471 1954 620 2022 videntur
655 1976 760 2043 panca
802 1975 875 2022 esse
914 1954 1161 2042 praemonenda,

327 2091 410 2156 qnae
445 2069 486 2135 ad
520 2071 648 2138 illorum
679 2075 856 2160 temporum
888 2071 1053 2136 historiam
1087 2091 1161 2158 per-

325 2189 432 2252 tinent.

412 2304 569 2389 ⁶)Aeqno
604 2305 673 2367 inre
707 2305 791 2368 inter
824 2301 950 2390 piebem
986 2312 1017 2367 et
1051 2313 1159 2390 patres

325 2420 573 2498 communicato,
619 2438 730 2484 eornm
768 2429 913 2508 potestas
952 2418 1072 2484 Romae
1108 2420 1158 2484 in-

322 2535 437 2614 valuit,
471 2537 525 2621 qni
546 2535 723 2604 honoribus
752 2537 990 2622 provinciisque
1019 2545 1074 2600 aut
1101 2555 1157 2600 ve-

320 2652 483 2738 ctigalium
511 2651 707 2718 redemtione
734 2649 931 2716 nobilitatem
953 2661 1048 2735 atque
1079 2671 1157 2738 opes

321 2769 382 2834 sihi
417 2779 621 2854 paraverant.
664 2764 703 2829 Hi
736 2767 965 2852 optimates,
996 2765 1069 2830 dnm
1097 2769 1154 2830 im-

320 2886 441 2970 perium
469 2881 579 2971 populi
606 2883 730 2947 romani
764 2882 862 2946 sociis
893 2877 1053 2948 abutendo
1084 2901 1155 2947 cre-

319 2999 451 3085 brisque
479 2997 572 3064 bellis
600 2996 795 3082 angebatur,
827 3007 953 3062 ceteros
983 2999 1070 3062 cives
1097 3000 1154 3063 iis-

320 3116 392 3181 dem
413 3114 481 3180 iere
504 3113 642 3193 artibus,
671 3113 787 3200 quibus
810 3123 906 3179 antea
930 3116 1053 3202 patricii
1083 3114 1152 3202 ple-

405 3399 436 3478 6)
465 3405 613 3470 ductores,
650 3409 758 3476 praeter
784 3410 902 3470 veteres,
938 3404 1001 3460 mihi
1029 3405 1149 3478 inprimis

317 3505 440 3565 suerunt:
470 3503 692 3560 Niebuhrins
719 3503 762 3558 in:
790 3504 868 3560 Rom.
897 3504 1056 3561 Geschichte
1081 3507 1149 3562 nach

315 3605 495 3661 Niebuhrs
526 3604 688 3678 Vortrdgen,
717 3603 820 3676 anglice
854 3621 869 3660 a
897 3604 1041 3662 Schmitzio
1070 3607 1147 3673 edita,

316 3704 468 3776 germanice
495 3723 510 3760 a
538 3705 687 3761 Zeissio.
719 3705 810 3762 1844.
839 3735 882 3743 -
925 3705 1146 3779 Gottlingins

314 3805 474 3861 oescnichte
495 3806 543 3862 der
564 3810 633 3862 rom.
656 3803 906 3877 Staatsveriassung.
931 3804 1022 3862 1840.
