2770 4814
592 675 800 745 -ffl,

278 873 373 948 atque
401 863 546 950 pericula
574 865 686 940 uitare,
716 883 810 950 quarn
839 865 973 930 iniurias
1004 864 1114 935 ulcisci

278 981 373 1048 malit.
418 979 579 1048 satellites
616 982 743 1068 quidem
781 1003 816 1048 se
854 983 962 1048 mirari
993 979 1112 1060 Sullae,

277 1104 331 1185 qui
361 1099 538 1167 libertatern
570 1100 758 1168 subvertere
787 1100 901 1178 velint,
940 1120 960 1167 a
989 1100 1112 1186 Pyrrhe

276 1217 454 1286 Hannibale
477 1219 611 1304 aliisque
635 1219 775 1285 externis
793 1217 923 1304 regibus
940 1218 1112 1286 defensam.

276 1337 407 1425 (§§pbis
431 1338 460 1402 l.
479 1347 510 1402 et
530 1339 585 1416 2.)
616 1335 716 1404 liuius
738 1347 843 1402 autern
864 1335 1021 1403 libertatis
1043 1341 1116 1405 iura

275 1454 398 1521 Sullam
420 1457 615 1543 arripuisse,
639 1457 694 1541 qui
716 1471 827 1521 eurum
849 1463 933 1521 metu
955 1465 1039 1520 tutus
1063 1459 1112 1523 sit.

274 1572 383 1653 Quare
412 1570 570 1658 agendum
599 1593 690 1650 esse,
727 1590 822 1660 quum
856 1589 1019 1659 nunquam
1054 1571 1112 1641 dn-

274 1691 439 1756 minatiuni
461 1691 699 1757 renuntiaturus
722 1691 779 1766 sit3
795 1708 881 1756 nurse
901 1699 1016 1757 metum
1039 1711 1112 1759 esse

275 1807 456 1874 habendum
477 1807 529 1874 vel
557 1805 754 1883 laciendum
783 1806 934 1894 populum
965 1810 1112 1876 animati

276 1935 419 1992 extrema
447 1925 610 1993 redactum
639 1944 723 1991 esse.
768 1925 836 2010 (ἓ).
857 1925 888 1991 3.
912 1935 942 1991 et
963 1924 1017 2008 4.)
1067 1926 1111 1994 Sa

271 2064 376 2130 nequa
422 2044 610 2111 seditiosum
652 2063 757 2130 neque
810 2053 968 2110 sectorem
1018 2063 1109 2124 esse,

273 2182 333 2228 neu
381 2162 488 2228 aliena
526 2159 651 2249 praeda
690 2160 881 2238 fructurum3
916 2159 1009 2227 tinem
1052 2181 1111 2229 au-

271 2290 333 2344 tem
362 2278 542 2346 laciendum
572 2297 646 2344 esse
674 2277 847 2357 scelerum,
876 2278 1110 2366 quorum-Sul-

270 2397 334 2462 lam
365 2416 431 2463 non
461 2399 631 2486 poeniteat.
670 2395 719 2480 (ὓ.
747 2395 797 2480 5.)
830 2394 887 2462 His
918 2395 1017 2464 rebus
1050 2417 1110 2486 pu-

270 2515 346 2603 pulo
381 2517 552 2604 expositis,
597 2535 633 2582 se
668 2517 731 2582 iarn
766 2533 830 2580 non
864 2516 991 2594 timere,
1034 2516 1110 2603 quil

143 2682 149 2697 .
271 2633 310 2700 de
341 2632 435 2700 Sulla
464 2635 658 2713 existiment,
688 2633 746 2699 sed
774 2643 926 2719 quantum
956 2633 1111 2711 audeant3

270 2751 360 2817 solus
392 2750 547 2817 satellites
582 2751 629 2816 illi
657 2749 785 2829 iavere3
820 2750 933 2816 milites
965 2753 1047 2817 enim
1076 2753 1110 2817 in

269 2867 405 2958 paludes
442 2867 616 2954 relegatus,
654 2867 827 2935 tribunatni
862 2857 1007 2934 inlens'es
1043 2888 1109 2935 nun

270 3007 353 3054 esse.
398 2985 522 3053 Sullam
551 2989 648 3073 igitur
675 2997 762 3053 tante
792 2988 918 3072 agmine
948 2987 1109 3065 incedere,
1216 3043 1219 3054 .

269 3107 345 3192 quia
374 3126 427 3172 res
457 3104 620 3172 secundae
657 3108 725 3172 eius
753 3106 838 3171 vitiis
866 3104 1008 3172 obtentui
1031 3106 1110 3184 sint3

268 3223 455 3310 viribusque
493 3222 660 3290 labefactis
698 3225 869 3290 contemtui
896 3222 976 3290 iore.
1019 3222 1107 3290 Nun-

267 3361 362 3428 quam
398 3351 503 3408 antem
534 3341 659 3428 ,aliquit
687 3344 721 3406 in
748 3340 875 3427 legibus
901 3350 1109 3418 ‘mutaturum

270 3462 345 3546 quin
368 3458 449 3526 adeo
474 3459 675 3546 tyrannidem
698 3479 789 3526 suam
811 3459 930 3547 pupule
947 3457 1108 3525 salubrem

267 3578 467 3665 praedicare.
514 3578 582 3664 (ἓξ.
612 3579 641 3645 6.
664 3590 696 3644 et
717 3578 768 3661 7.)
813 3577 903 3658 Quae
934 3577 961 3642 si
989 3576 1108 3664 populu

268 3696 425 3782 placeant,
458 3699 491 3764 in
524 3701 675 3764 servitute
707 3706 870 3762 maneant:
909 3715 945 3760 se
983 3693 1109 3781 quidem

448 3824 452 3832 ,
859 3799 899 3858 5..
