<?xml version="1.0" encoding="UTF-8"?>
<!DOCTYPE html PUBLIC "-//W3C//DTD XHTML 1.0 Transitional//EN"
    "http://www.w3.org/TR/xhtml1/DTD/xhtml1-transitional.dtd">
<html xmlns="http://www.w3.org/1999/xhtml" xml:lang="en" lang="en">
 <head>
  <title>
</title>
<meta http-equiv="Content-Type" content="text/html;charset=utf-8" />
  <meta name='ocr-system' content='tesseract 3.04.00' />
  <meta name='ocr-capabilities' content='ocr_page ocr_carea ocr_par ocr_line ocrx_word'/>
</head>
<body>
  <div class='ocr_page' id='page_1' title='image "./demlepidiapudcs00fabrgoog_0068.png"; bbox 0 0 2770 4814; ppageno 0'>
   <div class='ocr_carea' id='block_1_1' title="bbox 234 891 1181 993">
    <p class='ocr_par' dir='ltr' id='par_1_1' title="bbox 234 891 1181 993">
     <span class='ocr_line' id='line_1_1' title="bbox 234 891 1181 993; baseline -0.01 -19"><span class='ocrx_word' id='word_1_1' title='bbox 234 908 405 974; x_wconf 76' lang='lat' dir='ltr'><strong>haerentes</strong></span> <span class='ocrx_word' id='word_1_2' title='bbox 441 905 580 993; x_wconf 83' lang='lat' dir='ltr'><strong>disponit</strong></span> <span class='ocrx_word' id='word_1_3' title='bbox 615 911 710 990; x_wconf 88' lang='lat' dir='ltr'><strong>atque</strong></span> <span class='ocrx_word' id='word_1_4' title='bbox 746 899 874 969; x_wconf 77' lang='lat' dir='ltr'><strong>divellit.</strong></span> <span class='ocrx_word' id='word_1_5' title='bbox 924 900 1073 988; x_wconf 81' lang='lat' dir='ltr'><strong>Quapro-</strong></span> <span class='ocrx_word' id='word_1_6' title='bbox 1175 891 1181 906; x_wconf 89' lang='lat'><em>&#39;</em></span> 
     </span>
    </p>
   </div>
   <div class='ocr_carea' id='block_1_2' title="bbox 234 1021 1082 2498">
    <p class='ocr_par' dir='ltr' id='par_1_2' title="bbox 234 1021 1082 2498">
     <span class='ocr_line' id='line_1_2' title="bbox 234 1021 1072 1114; baseline -0.007 -22"><span class='ocrx_word' id='word_1_7' title='bbox 234 1035 307 1114; x_wconf 86' lang='lat' dir='ltr'><strong>pter</strong></span> <span class='ocrx_word' id='word_1_8' title='bbox 327 1022 589 1108; x_wconf 80' lang='lat' dir='ltr'><strong>chronologicam</strong></span> <span class='ocrx_word' id='word_1_9' title='bbox 603 1021 760 1088; x_wconf 83' lang='lat' dir='ltr'><strong>rationem</strong></span> <span class='ocrx_word' id='word_1_10' title='bbox 772 1021 876 1084; x_wconf 85' lang='lat' dir='ltr'><strong>minus</strong></span> <span class='ocrx_word' id='word_1_11' title='bbox 891 1029 984 1086; x_wconf 89' lang='lat' dir='ltr'><strong>curat</strong></span> <span class='ocrx_word' id='word_1_12' title='bbox 998 1037 1072 1086; x_wconf 79' lang='lat' dir='ltr'><strong>ceo-</strong></span> 
     </span>
     <span class='ocr_line' id='line_1_3' title="bbox 235 1135 1073 1230; baseline -0.008 -23"><span class='ocrx_word' id='word_1_13' title='bbox 235 1161 339 1230; x_wconf 88' lang='lat' dir='ltr'><strong>pequo</strong></span> <span class='ocrx_word' id='word_1_14' title='bbox 367 1151 514 1227; x_wconf 86' lang='lat' dir='ltr'><strong>tempora</strong></span> <span class='ocrx_word' id='word_1_15' title='bbox 542 1135 708 1204; x_wconf 82' lang='lat' dir='ltr'><strong>confundit</strong></span> <span class='ocrx_word' id='word_1_16' title='bbox 735 1145 832 1222; x_wconf 85' lang='lat' dir='ltr'><strong>atque</strong></span> <span class='ocrx_word' id='word_1_17' title='bbox 860 1137 980 1201; x_wconf 83' lang='lat' dir='ltr'><strong>miscet.</strong></span> <span class='ocrx_word' id='word_1_18' title='bbox 1001 1137 1073 1219; x_wconf 81' lang='lat'>¹³⁵)</span> 
     </span>
     <span class='ocr_line' id='line_1_4' title="bbox 237 1251 1075 1342; baseline -0.006 -20"><span class='ocrx_word' id='word_1_19' title='bbox 237 1251 1075 1342; x_wconf 85' lang='lat' dir='ltr'><strong>ltaqucnoetroquoqueloco,quamquomcommen-</strong></span> 
     </span>
     <span class='ocr_line' id='line_1_5' title="bbox 234 1367 1075 1438; baseline -0.005 0"><span class='ocrx_word' id='word_1_20' title='bbox 234 1374 308 1438; x_wconf 82' lang='lat' dir='ltr'><strong>terii</strong></span> <span class='ocrx_word' id='word_1_21' title='bbox 344 1369 456 1438; x_wconf 83' lang='lat' dir='ltr'><strong>Sullae</strong></span> <span class='ocrx_word' id='word_1_22' title='bbox 500 1379 532 1436; x_wconf 88' lang='lat' dir='ltr'><strong>et</strong></span> <span class='ocrx_word' id='word_1_23' title='bbox 567 1368 775 1437; x_wconf 82' lang='lat' dir='ltr'><strong>Sullanorum</strong></span> <span class='ocrx_word' id='word_1_24' title='bbox 818 1369 848 1435; x_wconf 88' lang='lat' dir='ltr'><strong>ei</strong></span> <span class='ocrx_word' id='word_1_25' title='bbox 884 1367 926 1433; x_wconf 79' lang='lat' dir='ltr'><strong>od</strong></span> <span class='ocrx_word' id='word_1_26' title='bbox 961 1387 1075 1436; x_wconf 85' lang='lat' dir='ltr'><strong>manoe</strong></span> 
     </span>
     <span class='ocr_line' id='line_1_6' title="bbox 236 1483 1075 1572; baseline -0.002 -17"><span class='ocrx_word' id='word_1_27' title='bbox 236 1487 423 1570; x_wconf 76' lang='lat' dir='ltr'><strong>erant‚¹³⁶)</strong></span> <span class='ocrx_word' id='word_1_28' title='bbox 445 1487 620 1572; x_wconf 75' lang='lat' dir='ltr'><strong>ignorasse</strong></span> <span class='ocrx_word' id='word_1_29' title='bbox 640 1485 782 1564; x_wconf 81' lang='lat' dir='ltr'><strong>uidetur,</strong></span> <span class='ocrx_word' id='word_1_30' title='bbox 804 1483 898 1552; x_wconf 79' lang='lat' dir='ltr'><strong>Sulla</strong></span> <span class='ocrx_word' id='word_1_31' title='bbox 920 1483 1075 1554; x_wconf 78' lang='lat' dir='ltr'><strong>dictatore</strong></span> 
     </span>
     <span class='ocr_line' id='line_1_7' title="bbox 236 1598 1077 1690; baseline 0.001 -23"><span class='ocrx_word' id='word_1_32' title='bbox 236 1600 346 1690; x_wconf 80' lang='lat' dir='ltr'><strong>plures</strong></span> <span class='ocrx_word' id='word_1_33' title='bbox 363 1607 366 1616; x_wconf 85' lang='lat'>&#39;</span> <span class='ocrx_word' id='word_1_34' title='bbox 383 1601 446 1665; x_wconf 83' lang='lat' dir='ltr'><strong>iam</strong></span> <span class='ocrx_word' id='word_1_35' title='bbox 482 1601 634 1668; x_wconf 78' lang='lat' dir='ltr'><strong>consules</strong></span> <span class='ocrx_word' id='word_1_36' title='bbox 671 1609 746 1667; x_wconf 87' lang='lat' dir='ltr'><strong>ante</strong></span> <span class='ocrx_word' id='word_1_37' title='bbox 772 1598 929 1686; x_wconf 85' lang='lat' dir='ltr'><strong>Lepidum</strong></span> <span class='ocrx_word' id='word_1_38' title='bbox 956 1599 1077 1668; x_wconf 79' lang='lat' dir='ltr'><strong>elector</strong></span> 
     </span>
     <span class='ocr_line' id='line_1_8' title="bbox 236 1714 1077 1806; baseline 0.001 -25"><span class='ocrx_word' id='word_1_39' title='bbox 236 1716 355 1795; x_wconf 72' lang='lat' dir='ltr'><strong>imese,</strong></span> <span class='ocrx_word' id='word_1_40' title='bbox 392 1735 527 1802; x_wconf 86' lang='lat' dir='ltr'><strong>eumque</strong></span> <span class='ocrx_word' id='word_1_41' title='bbox 558 1726 690 1806; x_wconf 89' lang='lat' dir='ltr'><strong>repente</strong></span> <span class='ocrx_word' id='word_1_42' title='bbox 718 1725 751 1781; x_wconf 92' lang='lat' dir='ltr'><strong>et</strong></span> <span class='ocrx_word' id='word_1_43' title='bbox 778 1714 871 1784; x_wconf 86' lang='lat' dir='ltr'><strong>Sulla</strong></span> <span class='ocrx_word' id='word_1_44' title='bbox 896 1733 1000 1804; x_wconf 86' lang='lat' dir='ltr'><strong>paene</strong></span> <span class='ocrx_word' id='word_1_45' title='bbox 1026 1719 1077 1783; x_wconf 87' lang='lat' dir='ltr'><strong>in-</strong></span> 
     </span>
     <span class='ocr_line' id='line_1_9' title="bbox 238 1789 1080 1918; baseline 0.001 -19"><span class='ocrx_word' id='word_1_46' title='bbox 238 1789 306 1899; x_wconf 45' lang='lat' dir='ltr'><strong>oc‘ro</strong></span> <span class='ocrx_word' id='word_1_47' title='bbox 336 1842 478 1898; x_wconf 81' lang='lat' dir='ltr'><strong>ereetum</strong></span> <span class='ocrx_word' id='word_1_48' title='bbox 506 1830 598 1910; x_wconf 61' lang='lat' dir='ltr'><strong>lecim</strong></span> <span class='ocrx_word' id='word_1_49' title='bbox 633 1831 726 1918; x_wconf 85' lang='lat' dir='ltr'><strong>quasi</strong></span> <span class='ocrx_word' id='word_1_50' title='bbox 761 1830 965 1898; x_wconf 79' lang='lat' dir='ltr'><strong>consulatum</strong></span> <span class='ocrx_word' id='word_1_51' title='bbox 989 1833 1080 1900; x_wconf 88' lang='lat' dir='ltr'><strong>nulla</strong></span> 
     </span>
     <span class='ocr_line' id='line_1_10' title="bbox 238 1945 1078 2039; baseline 0.002 -24"><span class='ocrx_word' id='word_1_52' title='bbox 238 1950 390 2039; x_wconf 87' lang='lat' dir='ltr'><strong>petitione</strong></span> <span class='ocrx_word' id='word_1_53' title='bbox 421 1947 502 2015; x_wconf 87' lang='lat' dir='ltr'><strong>olam</strong></span> <span class='ocrx_word' id='word_1_54' title='bbox 531 1949 678 2035; x_wconf 82' lang='lat' dir='ltr'><strong>occipere</strong></span> <span class='ocrx_word' id='word_1_55' title='bbox 706 1948 878 2036; x_wconf 76' lang='lat' dir='ltr'><strong>potuisset!</strong></span> <span class='ocrx_word' id='word_1_56' title='bbox 915 1945 1006 2029; x_wconf 83' lang='lat' dir='ltr'><strong>Quae</strong></span> <span class='ocrx_word' id='word_1_57' title='bbox 1028 1950 1078 2016; x_wconf 92' lang='lat' dir='ltr'><strong>in-</strong></span> 
     </span>
     <span class='ocr_line' id='line_1_11' title="bbox 238 2060 1077 2132; baseline 0.002 -2"><span class='ocrx_word' id='word_1_58' title='bbox 238 2066 331 2132; x_wconf 87' lang='lat' dir='ltr'><strong>curia</strong></span> <span class='ocrx_word' id='word_1_59' title='bbox 358 2074 389 2131; x_wconf 88' lang='lat' dir='ltr'><strong>et</strong></span> <span class='ocrx_word' id='word_1_60' title='bbox 417 2061 533 2130; x_wconf 81' lang='lat' dir='ltr'><strong>levitas</strong></span> <span class='ocrx_word' id='word_1_61' title='bbox 559 2072 659 2130; x_wconf 87' lang='lat' dir='ltr'><strong>totoun</strong></span> <span class='ocrx_word' id='word_1_62' title='bbox 687 2060 850 2128; x_wconf 77' lang='lat' dir='ltr'><strong>Plutarchi</strong></span> <span class='ocrx_word' id='word_1_63' title='bbox 876 2062 939 2129; x_wconf 88' lang='lat' dir='ltr'><strong>hac</strong></span> <span class='ocrx_word' id='word_1_64' title='bbox 973 2063 1013 2131; x_wconf 79' lang='lat' dir='ltr'><strong>tle</strong></span> <span class='ocrx_word' id='word_1_65' title='bbox 1041 2086 1077 2132; x_wconf 93' lang='lat' dir='ltr'><strong>re</strong></span> 
     </span>
     <span class='ocr_line' id='line_1_12' title="bbox 238 2177 1078 2264; baseline 0.001 -17"><span class='ocrx_word' id='word_1_66' title='bbox 238 2182 456 2247; x_wconf 84' lang='lat' dir='ltr'><strong>narrationem</strong></span> <span class='ocrx_word' id='word_1_67' title='bbox 484 2189 548 2244; x_wconf 88' lang='lat' dir='ltr'><strong>tam</strong></span> <span class='ocrx_word' id='word_1_68' title='bbox 576 2177 770 2245; x_wconf 84' lang='lat' dir='ltr'><strong>inconditum</strong></span> <span class='ocrx_word' id='word_1_69' title='bbox 798 2187 894 2264; x_wconf 86' lang='lat' dir='ltr'><strong>atque</strong></span> <span class='ocrx_word' id='word_1_70' title='bbox 924 2179 1078 2248; x_wconf 79' lang='lat' dir='ltr'><strong>incertam</strong></span> 
     </span>
     <span class='ocr_line' id='line_1_13' title="bbox 239 2292 1080 2374; baseline -0.002 -10"><span class='ocrx_word' id='word_1_71' title='bbox 239 2296 370 2374; x_wconf 83' lang='lat' dir='ltr'><strong>iaciunt,</strong></span> <span class='ocrx_word' id='word_1_72' title='bbox 406 2304 441 2362; x_wconf 88' lang='lat' dir='ltr'><strong>ut</strong></span> <span class='ocrx_word' id='word_1_73' title='bbox 469 2292 585 2360; x_wconf 87' lang='lat' dir='ltr'><strong>dubiae</strong></span> <span class='ocrx_word' id='word_1_74' title='bbox 612 2292 686 2360; x_wconf 81' lang='lat' dir='ltr'><strong>lielei</strong></span> <span class='ocrx_word' id='word_1_75' title='bbox 716 2313 790 2360; x_wconf 82' lang='lat' dir='ltr'><strong>esce</strong></span> <span class='ocrx_word' id='word_1_76' title='bbox 817 2293 973 2360; x_wconf 81' lang='lat' dir='ltr'><strong>uideatur.</strong></span> <span class='ocrx_word' id='word_1_77' title='bbox 1016 2295 1080 2363; x_wconf 86' lang='lat' dir='ltr'><strong>Po-</strong></span> 
     </span>
     <span class='ocr_line' id='line_1_14' title="bbox 240 2408 1082 2498; baseline 0.002 -20"><span class='ocrx_word' id='word_1_78' title='bbox 240 2413 298 2478; x_wconf 89' lang='lat' dir='ltr'><strong>tnit</strong></span> <span class='ocrx_word' id='word_1_79' title='bbox 333 2412 417 2477; x_wconf 91' lang='lat' dir='ltr'><strong>enim</strong></span> <span class='ocrx_word' id='word_1_80' title='bbox 454 2427 508 2478; x_wconf 83' lang='lat' dir='ltr'><strong>res</strong></span> <span class='ocrx_word' id='word_1_81' title='bbox 546 2419 611 2476; x_wconf 84' lang='lat' dir='ltr'><strong>tam</strong></span> <span class='ocrx_word' id='word_1_82' title='bbox 640 2408 844 2496; x_wconf 77' lang='lat' dir='ltr'><strong>negligenter</strong></span> <span class='ocrx_word' id='word_1_83' title='bbox 873 2429 1082 2498; x_wconf 85' lang='lat' dir='ltr'><strong>componens,</strong></span> 
     </span>
    </p>
   </div>
   <div class='ocr_carea' id='block_1_3' title="bbox 242 2525 1081 2730">
    <p class='ocr_par' dir='ltr' id='par_1_3' title="bbox 242 2525 1081 2730">
     <span class='ocr_line' id='line_1_15' title="bbox 242 2525 1081 2616; baseline 0.002 -22"><span class='ocrx_word' id='word_1_84' title='bbox 242 2529 337 2594; x_wconf 87' lang='lat' dir='ltr'><strong>etiam</strong></span> <span class='ocrx_word' id='word_1_85' title='bbox 365 2529 399 2594; x_wconf 89' lang='lat' dir='ltr'><strong>in</strong></span> <span class='ocrx_word' id='word_1_86' title='bbox 426 2525 487 2593; x_wconf 83' lang='lat' dir='ltr'><strong>hoc</strong></span> <span class='ocrx_word' id='word_1_87' title='bbox 516 2537 608 2616; x_wconf 87' lang='lat' dir='ltr'><strong>parte</strong></span> <span class='ocrx_word' id='word_1_88' title='bbox 634 2529 796 2612; x_wconf 84' lang='lat' dir='ltr'><strong>ingenium</strong></span> <span class='ocrx_word' id='word_1_89' title='bbox 824 2529 932 2616; x_wconf 83' lang='lat' dir='ltr'><strong>potius</strong></span> <span class='ocrx_word' id='word_1_90' title='bbox 964 2539 996 2595; x_wconf 90' lang='lat' dir='ltr'><strong>et</strong></span> <span class='ocrx_word' id='word_1_91' title='bbox 1025 2550 1081 2596; x_wconf 88' lang='lat' dir='ltr'><strong>rn-</strong></span> 
     </span>
     <span class='ocr_line' id='line_1_16' title="bbox 244 2645 871 2730; baseline -0.003 -21"><span class='ocrx_word' id='word_1_92' title='bbox 244 2663 375 2722; x_wconf 84' lang='lat' dir='ltr'><strong>morom,</strong></span> <span class='ocrx_word' id='word_1_93' title='bbox 398 2661 493 2730; x_wconf 86' lang='lat' dir='ltr'><strong>quem</strong></span> <span class='ocrx_word' id='word_1_94' title='bbox 516 2652 625 2708; x_wconf 78' lang='lat' dir='ltr'><strong>certos</strong></span> <span class='ocrx_word' id='word_1_95' title='bbox 646 2652 745 2708; x_wconf 82' lang='lat' dir='ltr'><strong>testes</strong></span> <span class='ocrx_word' id='word_1_96' title='bbox 769 2645 871 2727; x_wconf 79' lang='lat' dir='ltr'><strong>nequi.</strong></span> 
     </span>
    </p>
   </div>
   <div class='ocr_carea' id='block_1_4' title="bbox 243 2868 1137 3191">
    <p class='ocr_par' dir='ltr' id='par_1_4' title="bbox 243 2868 1137 3191">
     <span class='ocr_line' id='line_1_17' title="bbox 328 2868 1137 2958; baseline 0 -22"><span class='ocrx_word' id='word_1_97' title='bbox 328 2870 542 2958; x_wconf 82' lang='lat' dir='ltr'><strong>Appiauue</strong></span> <span class='ocrx_word' id='word_1_98' title='bbox 574 2886 702 2955; x_wconf 87' lang='lat' dir='ltr'><strong>qnoque</strong></span> <span class='ocrx_word' id='word_1_99' title='bbox 729 2869 764 2935; x_wconf 87' lang='lat' dir='ltr'><strong>in</strong></span> <span class='ocrx_word' id='word_1_100' title='bbox 791 2868 906 2946; x_wconf 88' lang='lat' dir='ltr'><strong>rebus,</strong></span> <span class='ocrx_word' id='word_1_101' title='bbox 937 2891 1019 2958; x_wconf 85' lang='lat' dir='ltr'><strong>ques</strong></span> <span class='ocrx_word' id='word_1_102' title='bbox 1041 2871 1082 2938; x_wconf 87' lang='lat' dir='ltr'><strong>ah</strong></span> <span class='ocrx_word' id='word_1_103' title='bbox 1132 2903 1137 2916; x_wconf 93' lang='lat'><strong>·</strong></span> 
     </span>
     <span class='ocr_line' id='line_1_18' title="bbox 245 2985 1084 3074; baseline 0.001 -21"><span class='ocrx_word' id='word_1_104' title='bbox 245 2985 317 3054; x_wconf 82' lang='lat' dir='ltr'><strong>aliie</strong></span> <span class='ocrx_word' id='word_1_105' title='bbox 339 2994 509 3062; x_wconf 86' lang='lat' dir='ltr'><strong>mutuetur,</strong></span> <span class='ocrx_word' id='word_1_106' title='bbox 531 2985 770 3065; x_wconf 80' lang='lat' dir='ltr'><strong>veracissimus,</strong></span> <span class='ocrx_word' id='word_1_107' title='bbox 793 2986 848 3054; x_wconf 90' lang='lat' dir='ltr'><strong>ubi</strong></span> <span class='ocrx_word' id='word_1_108' title='bbox 867 2997 930 3054; x_wconf 67' lang='lat' dir='ltr'><strong>tuo</strong></span> <span class='ocrx_word' id='word_1_109' title='bbox 953 2989 1084 3074; x_wconf 80' lang='lat' dir='ltr'><strong>iugenio</strong></span> 
     </span>
     <span class='ocr_line' id='line_1_19' title="bbox 243 3098 1083 3191; baseline 0.002 -22"><span class='ocrx_word' id='word_1_110' title='bbox 243 3101 397 3189; x_wconf 80' lang='lat' dir='ltr'><strong>indulget,</strong></span> <span class='ocrx_word' id='word_1_111' title='bbox 414 3111 532 3169; x_wconf 91' lang='lat' dir='ltr'><strong>temere</strong></span> <span class='ocrx_word' id='word_1_112' title='bbox 554 3098 682 3178; x_wconf 82' lang='lat' dir='ltr'><strong>iudicat,</strong></span> <span class='ocrx_word' id='word_1_113' title='bbox 706 3120 868 3191; x_wconf 78' lang='lat' dir='ltr'><strong>saepeque</strong></span> <span class='ocrx_word' id='word_1_114' title='bbox 890 3101 975 3170; x_wconf 79' lang='lat' dir='ltr'><strong>false</strong></span> <span class='ocrx_word' id='word_1_115' title='bbox 996 3106 1083 3171; x_wconf 83' lang='lat' dir='ltr'><strong>veris</strong></span> 
     </span>
    </p>
   </div>
   <div class='ocr_carea' id='block_1_5' title="bbox 244 3349 1088 3360">
    <p class='ocr_par' dir='ltr' id='par_1_5' title="bbox 244 3349 1088 3360">
     <span class='ocr_line' id='line_1_20' title="bbox 244 3349 1088 3360; baseline 0.001 -4"><span class='ocrx_word' id='word_1_116' title='bbox 244 3351 385 3359; x_wconf 37' lang='grc' dir='ltr'><strong>Μή...</strong></span> <span class='ocrx_word' id='word_1_117' title='bbox 823 3349 992 3358; x_wconf 54' lang='lat' dir='ltr'><strong>——a--u—</strong></span> <span class='ocrx_word' id='word_1_118' title='bbox 999 3351 1035 3360; x_wconf 72' lang='lat'><em>...-</em></span> <span class='ocrx_word' id='word_1_119' title='bbox 1044 3351 1066 3355; x_wconf 86' lang='lat'><strong>--</strong></span> <span class='ocrx_word' id='word_1_120' title='bbox 1072 3350 1088 3357; x_wconf 76' lang='lat'><strong>.-</strong></span> 
     </span>
    </p>
   </div>
   <div class='ocr_carea' id='block_1_6' title="bbox 246 3504 1083 3684">
    <p class='ocr_par' dir='ltr' id='par_1_6' title="bbox 246 3504 1083 3684">
     <span class='ocr_line' id='line_1_21' title="bbox 334 3504 1083 3583; baseline -0.001 -19"><span class='ocrx_word' id='word_1_121' title='bbox 334 3504 407 3583; x_wconf 67' lang='grc'><strong>135)</strong></span> <span class='ocrx_word' id='word_1_122' title='bbox 430 3508 540 3565; x_wconf 86' lang='lat' dir='ltr'><strong>Kiene</strong></span> <span class='ocrx_word' id='word_1_123' title='bbox 562 3509 608 3564; x_wconf 86' lang='lat' dir='ltr'><strong>cit.</strong></span> <span class='ocrx_word' id='word_1_124' title='bbox 631 3523 693 3580; x_wconf 81' lang='lat' dir='ltr'><strong>pag.</strong></span> <span class='ocrx_word' id='word_1_125' title='bbox 715 3506 908 3568; x_wconf 78' lang='lat' dir='ltr'><strong>tao-246.</strong></span> <span class='ocrx_word' id='word_1_126' title='bbox 930 3505 1083 3564; x_wconf 85' lang='lat' dir='ltr'><strong>Niebuh-</strong></span> 
     </span>
     <span class='ocr_line' id='line_1_22' title="bbox 246 3607 753 3684; baseline -0.002 -20"><span class='ocrx_word' id='word_1_127' title='bbox 246 3609 319 3666; x_wconf 87' lang='lat' dir='ltr'><strong>rins</strong></span> <span class='ocrx_word' id='word_1_128' title='bbox 341 3609 527 3684; x_wconf 77' lang='lat' dir='ltr'><strong>Vorlcsungen</strong></span> <span class='ocrx_word' id='word_1_129' title='bbox 548 3609 594 3665; x_wconf 89' lang='lat' dir='ltr'><strong>cit.</strong></span> <span class='ocrx_word' id='word_1_130' title='bbox 617 3624 679 3681; x_wconf 79' lang='lat' dir='ltr'><strong>pag.</strong></span> <span class='ocrx_word' id='word_1_131' title='bbox 702 3607 753 3666; x_wconf 86' lang='grc'><strong>97.</strong></span> 
     </span>
    </p>
   </div>
   <div class='ocr_carea' id='block_1_7' title="bbox 337 3802 791 3882">
    <p class='ocr_par' dir='ltr' id='par_1_7' title="bbox 337 3802 791 3882">
     <span class='ocr_line' id='line_1_23' title="bbox 337 3802 791 3882; baseline -0.013 -16"><span class='ocrx_word' id='word_1_132' title='bbox 337 3802 409 3882; x_wconf 79' lang='lat'><strong>¹³⁶)</strong></span> <span class='ocrx_word' id='word_1_133' title='bbox 432 3808 539 3866; x_wconf 86' lang='lat' dir='ltr'><strong>Kiene</strong></span> <span class='ocrx_word' id='word_1_134' title='bbox 561 3807 580 3865; x_wconf 90' lang='lat' dir='ltr'><strong>l.</strong></span> <span class='ocrx_word' id='word_1_135' title='bbox 604 3825 629 3864; x_wconf 88' lang='lat' dir='ltr'><strong>c.</strong></span> <span class='ocrx_word' id='word_1_136' title='bbox 654 3837 693 3851; x_wconf 85' lang='lat'><strong>—·</strong></span> <span class='ocrx_word' id='word_1_137' title='bbox 788 3853 791 3860; x_wconf 78' lang='grc'>,</span> 
     </span>
    </p>
   </div>
   <div class='ocr_carea' id='block_1_8' title="bbox 0 0 1411 4814">
    <p class='ocr_par' dir='ltr' id='par_1_8' title="bbox 0 0 1411 4814">
     <span class='ocr_line' id='line_1_24' title="bbox 0 0 1411 4814; baseline 0 0"><span class='ocrx_word' id='word_1_138' title='bbox 0 0 1411 4814; x_wconf 95' lang='lat' dir='ltr'><strong> </strong></span> 
     </span>
    </p>
   </div>
  </div>
 </body>
</html>
