2770 4814
566 1451 663 1495 l'rirnunr
679 1451 802 1506 deprecor,
818 1465 845 1494 ne
860 1465 895 1494 ino
909 1457 1019 1503 iornqumn
1035 1451 1109 1504 philo-

566 1521 661 1574 sophum
681 1520 780 1574 putetis,
808 1519 909 1562 sobolum
930 1519 997 1562 vohis
1017 1519 1113 1572 {aliquem

566 1589 738 1642 explicaturum.

770 1637 879 1682 Cicero
894 1636 922 1680 de
936 1637 999 1680 finib.
1015 1637 1048 1690 ΙΙ,
1065 1640 1085 1682 1.

363 1805 385 1872 Ι.
431 1805 541 1871 Caium
571 1794 763 1874 Sallustium⁴
788 1807 949 1900 Crispum,
978 1807 1112 1873 eundem

279 1925 332 2009 qui
361 1909 528 1988 Catilinam
561 1935 592 1988 et
624 1907 807 2010 Iugurthain
837 1923 980 2010 scripsit,
1019 1925 1112 1988 etiam

279 2058 332 2104 res
355 2038 462 2128 populi
477 2046 610 2136 ¹romani
632 2041 676 2106 M.
697 2037 820 2127 Lepido
838 2037 878 2117 Ο.
900 2038 1013 2104 Catulo
1035 2058 1113 2104 oon-

279 2154 403 2222 sulibus
426 2174 465 2220 ao
488 2154 602 2222 deinde
626 2165 736 2242 gestas
758 2157 996 2240 composuisse,
1028 2175 1114 2220 oom-

278 2284 402 2359 pertum
437 2271 599 2336 habemus
615 2274 644 2353 ¹)
689 2269 724 2336 ld
762 2280 866 2336 autom
894 2290 975 2356 opus
1005 2274 1113 2356 quinto

279 2398 310 2452 et
339 2386 460 2452 decimo
490 2385 600 2453 seoulo
630 2385 734 2460 adhuc
761 2390 919 2472 integrum
948 2397 1043 2472 atque
1065 2389 1113 2452 in-

278 2503 418 2582 colume,
449 2513 512 2570 tam
542 2503 682 2571 adversa
711 2504 784 2570 inde
813 2503 942 2569 fortuna
963 2513 1115 2590 tantoque

279 2631 456 2708 temporum
477 2622 597 2686 iniuria
618 2630 667 2686 est
690 2641 798 2698 usum,
822 2631 856 2685 ut
878 2621 947 2684 eius
963 2639 1048 2687 nuno
1064 2623 1113 2686 ni-

278 2735 321 2798 hil
351 2755 444 2820 quam
468 2754 574 2822 pauca
596 2735 825 2819 ‚,srogmenta“
849 2736 1026 2820 supersint:
1055 2739 1113 2802 mi-

278 2867 361 2914 nora
387 2851 508 2937 passim
531 2868 552 2914 a
574 2850 784 2938 scriptoribus
808 2858 1016 2927 conservata,
1045 2871 1113 2916 nra-

278 2966 350 3030 iora
377 2965 410 3029 in
439 2964 566 3031 duobus
595 2965 686 3030 libris
716 2966 882 3032 vaticanis.
926 2963 998 3046 Qua
1027 2977 1116 3032 torta

278 3083 405 3148 iactura
420 3082 624 3148 vehementer
639 3085 803 3159 commoti,
826 3083 1026 3169 superiorum
1044 3084 1114 3170 plu-

279 3217 332 3262 res
362 3200 468 3264 omnia
497 3199 577 3263 haee
609 3197 749 3264 dissecta
772 3217 951 3286 sparsaque
975 3199 1116 3266 membra

279 3314 391 3381 sedulo
422 3315 637 3400 collegerunt,
667 3317 694 3382 si
723 3326 822 3381 totum
851 3334 969 3404 eorpus
1000 3338 1038 3383 ex
1067 3317 1115 3382 his

369 3639 396 3718 ¹)
420 3643 498 3698 Plura
521 3643 554 3698 de
576 3643 625 3698 heo
646 3641 764 3698 Sallustii
786 3641 897 3697 historia
920 3643 990 3713 apud
1005 3643 1114 3696 Baeh-

280 3743 367 3798 rium
402 3743 519 3798 inienies
548 3743 588 3798 in:
630 3744 790 3800 Gesehichte
817 3743 864 3796 der
890 3746 958 3796 rom.
986 3743 1117 3798 Literotur

282 3841 373 3898 1832.
398 3835 447 3918 §p
472 3841 542 3898 roo.
565 3859 605 3914 sq.

909 3942 922 3996 1
938 3940 950 3968 s
