2770 4814
798 725 818 736 -n

605 709 818 779 ...Q-2

284 905 337 960 ost
357 913 461 980 genuus
484 912 605 971 cotum,
628 899 682 982 qui
697 895 812 984 Lepidi
835 907 971 964 cometus
995 906 1026 962 et
1048 913 1125 960 con-

290 1015 399 1078 ciones
422 1010 617 1096 generaliter
640 1023 824 1078 memorant.
838 1015 909 1093 ¹²⁵)
1003 1037 1011 1052 r
1111 1049 1114 1061 ·

368 1159 404 1226 ln
426 1160 475 1227 his
498 1160 643 1228 Cicero
667 1166 700 1228 in
723 1162 904 1230 Catilinam:
939 1161 1055 1240 „Ultus
1079 1168 1127 1224 est

284 1277 378 1341 iuius
414 1278 570 1343 victoriae
620 1279 839 1346 crudelitatem
876 1293 990 1367 postea
1026 1275 1127 1342 Sulla.

287 1389 444 1459 Discessit
465 1391 509 1459 Μ.
524 1393 665 1482 Lepidus
689 1415 708 1462 a
732 1397 912 1463 clarissimo
936 1407 966 1462 et
987 1393 1127 1459 fortissi-

288 1529 338 1575 mo
365 1512 435 1577 viro
458 1510 496 1591 Q.
521 1510 670 1578 Catulo.“

371 1658 453 1728 Dein
475 1674 589 1731 auctor
609 1663 684 1731 libri
708 1663 746 1732 de
764 1668 841 1732 viris
864 1663 1053 1740 illustribus,
1078 1661 1130 1746 qui

286 1775 370 1842 liber
390 1779 489 1864 vulgo
512 1779 643 1847 Aurelio
667 1782 789 1848 Victori
821 1777 1032 1854 adscribitur,
1066 1785 1131 1840 tota

288 1889 326 1954 de
362 1888 486 1974 Lepido
524 1896 712 1956 narratione
753 1893 801 1956 his
845 1890 953 1956 uerbis
997 1888 1127 1976 periun-

286 2005 387 2089 gitur:

302 2109 308 2122 l
331 2105 344 2122 ἱ
374 2149 556 2241 „Lepidum
578 2159 651 2216 ectu
672 2146 783 2214 Sullae
806 2143 991 2212 rescindere
1012 2142 1125 2210 uolen-

291 2280 354 2338 teur
375 2271 521 2358 privatus
542 2265 634 2334 ltalia
655 2265 778 2353 fugauit
797 2262 1005 2351 Pompeius.“

370 2415 514 2501 Denique
543 2414 696 2482 Florus
724 2417 759 2481 in
789 2415 927 2503 epitome
956 2430 1019 2479 sna
1046 2411 1128 2478 lutee

287 2541 414 2598 narrat:
459 2528 572 2616 „Ergo
603 2549 674 2597 cum
697 2529 839 2620 Lepidus
861 2525 996 2594 turbidis
1020 2529 1128 2596 eonci-

290 2645 405 2711 onibus
421 2645 508 2714 velut
525 2647 664 2715 classico
681 2648 841 2714 civitatem
855 2645 1035 2722 terruisset,
1051 2662 1128 2734 pro-

285 2760 395 2828 iectus
406 2743 441 2828 in
455 2763 616 2831 Etruriam
631 2781 722 2832 arma
735 2763 810 2830 inde
827 2761 1024 2828 admoueret.
1052 2747 1130 2826 ¹Sed

284 2883 351 2946 ium
371 2877 516 2946 Miluiurn
537 2891 665 2967 pontem
687 2892 720 2946 et
737 2875 920 2944 lenicnlom
942 2875 1077 2942 dutnlns
1100 2886 1132 2941 et

291 2991 463 3084 Pompeius
486 2995 681 3061 insederunt.
725 2994 753 3060 Α
775 2992 890 3079 quibus
912 2990 1041 3079 pulsus,
1071 2991 1130 3057 ltc-

290 3113 412 3198 stisqne
450 3131 471 3179 e
515 3121 630 3179 senatu
674 3109 834 3177 iudicatus
878 3110 912 3174 in
946 3105 1131 3173 Sardiniam
1181 3164 1183 3168 .

291 3230 464 3296 recessit.“

285 3741 289 3750 .
338 3743 339 3748 ,
377 3685 452 3764 ¹²⁵)
473 3687 507 3744 lli
528 3695 608 3744 sunt:
632 3687 756 3744 Cicero
773 3685 798 3742 in
814 3683 949 3742 Catilinam
965 3683 1006 3749 lll,
1022 3681 1070 3740 to.
1092 3713 1131 3726 ·-

285 3782 427 3859 (Aurei.
449 3787 596 3861 Victor)
620 3804 680 3859 cap.
703 3787 755 3844 77.
781 3816 818 3826 -
842 3785 976 3841 Florus
1000 3784 1111 3851 tutto.
